<?xml version="1.0" encoding="UTF-8"?>
<collection>
  <!--four-->
<record>
    <leader>04265nab a2200673 u 4500</leader>
    <controlfield tag="001">9915980205207426</controlfield>
    <controlfield tag="005">20221121122600.0</controlfield>
    <controlfield tag="008">160610e201607 xx |||||o|||||||||||eng||</controlfield>
    <datafield tag="016" ind1="7" ind2=" ">
      <subfield code="a">IND605232945</subfield>
      <subfield code="2">DNAL</subfield>
    </datafield>
    <datafield tag="024" ind1="7" ind2=" ">
      <subfield code="a">10.1111/jbi.12725</subfield>
      <subfield code="2">doi</subfield>
    </datafield>
    <datafield tag="035" ind1=" " ind2=" ">
      <subfield code="a">agid:5232945-01nal_inst</subfield>
    </datafield>
    <datafield tag="040" ind1=" " ind2=" ">
      <subfield code="a">AGL</subfield>
      <subfield code="b">eng</subfield>
      <subfield code="c">AGL</subfield>
    </datafield>
    <datafield tag="100" ind1="1" ind2=" ">
      <subfield code="a">Molleman, Freerk</subfield>
      <subfield code="e">author</subfield>
    </datafield>
    <datafield tag="245" ind1="1" ind2="4">
      <subfield code="a">The island rule of body size demonstrated on individual hosts: phytophagous
        click beetle species grow larger and predators smaller on phylogenetically isolated
        trees</subfield>
    </datafield>
    <datafield tag="300" ind1=" " ind2=" ">
      <subfield code="a">p. 1388-1399.</subfield>
    </datafield>
    <datafield tag="500" ind1=" " ind2=" ">
      <subfield code="a">JOURNAL ARTICLE</subfield>
    </datafield>
    <datafield tag="520" ind1=" " ind2=" ">
      <subfield code="a">AIM: Under spatial isolation on oceanic islands, species tend to show
        extreme body sizes. From the point of view of many colonizers, individual hosts surrounded
        by phylogenetically distant neighbours are phylogenetically isolated. This study addresses
        for the first time how phylogenetic isolation of individual hosts affects body size of
        colonizers, and whether effects on body size reflect selection among colonizers established
        on host individuals rather than selection among colonizers dispersing toward trees or
        phenotypic plasticity of colonizers. LOCATION: Rennes National Forest, Western France.
        METHODS: We sampled click beetles (Elateridae) on individual oak trees varying in
        phylogenetic isolation from their neighbours and in age. We measured body size and
        fluctuating asymmetry (which we found to correlate to reduced body size) and related both to
        phylogenetic isolation and age of trees. We compared these relationships among species of
        different larval trophic position and adult body size, using meta‐analytical approaches.
        RESULTS: Within species, body size changes with phylogenetic isolation of individual host
        trees: root feeders tend to become larger, predators smaller. Effects were independent of
        mean body‐size, disappeared with tree age, and were inconsistent with patterns of
        fluctuating asymmetry. MAIN CONCLUSIONS: Our results are consistent with body‐size selection
        among colonizers established on individual trees, rather than selection among colonizers
        dispersing toward trees or phenotypic plasticity. Overall, phenotype patterns of animals
        across islands in the ocean may resemble those across host individuals in a phylogenetically
        distant neighbourhood, suggesting micro‐evolution of colonizers in response to the
        macro‐evolutionary structure of the host community.</subfield>
    </datafield>
    <datafield tag="592" ind1=" " ind2=" ">
      <subfield code="a">Publisher supplied data</subfield>
    </datafield>
    <datafield tag="593" ind1=" " ind2=" ">
      <subfield code="a">PubAg article</subfield>
    </datafield>
    <datafield tag="650" ind1=" " ind2="3">
      <subfield code="a">Elateridae</subfield>
    </datafield>
    <datafield tag="650" ind1=" " ind2="3">
      <subfield code="a">Quercus</subfield>
    </datafield>
    <datafield tag="650" ind1=" " ind2="3">
      <subfield code="a">adults</subfield>
    </datafield>
    <datafield tag="650" ind1=" " ind2="3">
      <subfield code="a">animals</subfield>
    </datafield>
    <datafield tag="650" ind1=" " ind2="3">
      <subfield code="a">body size</subfield>
    </datafield>
    <datafield tag="650" ind1=" " ind2="3">
      <subfield code="a">forests</subfield>
    </datafield>
    <datafield tag="650" ind1=" " ind2="3">
      <subfield code="a">hosts</subfield>
    </datafield>
    <datafield tag="650" ind1=" " ind2="3">
      <subfield code="a">islands</subfield>
    </datafield>
    <datafield tag="650" ind1=" " ind2="3">
      <subfield code="a">larvae</subfield>
    </datafield>
    <datafield tag="650" ind1=" " ind2="3">
      <subfield code="a">phenotype</subfield>
    </datafield>
    <datafield tag="650" ind1=" " ind2="3">
      <subfield code="a">phenotypic plasticity</subfield>
    </datafield>
    <datafield tag="650" ind1=" " ind2="3">
      <subfield code="a">phylogeny</subfield>
    </datafield>
    <datafield tag="650" ind1=" " ind2="3">
      <subfield code="a">predators</subfield>
    </datafield>
    <datafield tag="650" ind1=" " ind2="3">
      <subfield code="a">tree age</subfield>
    </datafield>
    <datafield tag="650" ind1=" " ind2="3">
      <subfield code="a">trees</subfield>
    </datafield>
    <datafield tag="651" ind1=" " ind2="3">
      <subfield code="a">France</subfield>
    </datafield>
    <datafield tag="700" ind1="1" ind2=" ">
      <subfield code="a">Depoilly, Alexandre</subfield>
      <subfield code="e">author</subfield>
      <subfield code="u">Ecosystèmes Biodiversité Evolution (ECOBIO), Université de Rennes 1, Campus
        de Beaulieu, 35042 Rennes, France</subfield>
    </datafield>
    <datafield tag="700" ind1="1" ind2=" ">
      <subfield code="a">Vernon, Philippe</subfield>
      <subfield code="e">author</subfield>
      <subfield code="u">UMR 6553 Ecosystèmes Biodiversité Evolution (ECOBIO), Université de Rennes
        1, Station Biologique de Paimpont, 35380 Paimpont, France</subfield>
    </datafield>
    <datafield tag="700" ind1="1" ind2=" ">
      <subfield code="a">Müller, Jörg</subfield>
      <subfield code="e">author</subfield>
    </datafield>
    <datafield tag="700" ind1="1" ind2=" ">
      <subfield code="a">Bailey, Richard</subfield>
      <subfield code="e">author</subfield>
    </datafield>
    <datafield tag="700" ind1="1" ind2=" ">
      <subfield code="a">Jarzabek‐Müller, Andrea</subfield>
      <subfield code="e">author</subfield>
      <subfield code="u">Anton‐Hilz‐Str. 42, 94566 Riedlhütte, Germany</subfield>
    </datafield>
    <datafield tag="700" ind1="1" ind2=" ">
      <subfield code="a">Prinzing, Andreas</subfield>
      <subfield code="e">author</subfield>
    </datafield>
    <datafield tag="773" ind1="0" ind2=" ">
      <subfield code="t">Journal of biogeography.</subfield>
      <subfield code="g">2016 July, v. 43, no. 7 p.1388-1399</subfield>
      <subfield code="d">John Wiley &amp; Sons, Ltd</subfield>
      <subfield code="x">0305-0270</subfield>
      <subfield code="7">nnas</subfield>
    </datafield>
    <datafield tag="787" ind1="1" ind2=" ">
      <subfield code="o">islandora_article_repository</subfield>
    </datafield>
    <datafield tag="787" ind1="1" ind2=" ">
      <subfield code="o">product_pubag</subfield>
    </datafield>
    <datafield tag="787" ind1="1" ind2=" ">
      <subfield code="o">(Journal)jnl9765</subfield>
    </datafield>
    <datafield tag="856" ind1="4" ind2="0">
      <subfield code="u">http://dx.doi.org/10.1111/jbi.12725</subfield>
      <subfield code="3">Available from publisher's site</subfield>
    </datafield>
    <datafield tag="912" ind1=" " ind2=" ">
      <subfield code="a">Article</subfield>
    </datafield>
    <datafield tag="914" ind1=" " ind2=" ">
      <subfield code="a">Journal:jnl9765</subfield>
      <subfield code="b">0305-0270</subfield>
      <subfield code="c">43</subfield>
      <subfield code="d">7</subfield>
      <subfield code="e">1388</subfield>
    </datafield>
    <datafield tag="914" ind1=" " ind2=" ">
      <subfield code="f">Journal of biogeography</subfield>
    </datafield>
    <datafield tag="916" ind1=" " ind2=" ">
      <subfield code="a">Batch:1353</subfield>
    </datafield>
    <datafield tag="917" ind1=" " ind2=" ">
      <subfield code="a">issued</subfield>
    </datafield>
    <datafield tag="918" ind1="2" ind2=" ">
      <subfield code="a">John Wiley &amp; Sons, Inc</subfield>
      <subfield code="e">provider</subfield>
      <subfield code="5">DNAL</subfield>
    </datafield>
    <datafield tag="935" ind1=" " ind2=" ">
      <subfield code="a">IND605232945</subfield>
      <subfield code="9">ExL</subfield>
    </datafield>
    <datafield tag="949" ind1=" " ind2=" ">
      <subfield code="a">2016-06-28</subfield>
    </datafield>
    <datafield tag="953" ind1=" " ind2=" ">
      <subfield code="a">03050270_2016_43_7.xml</subfield>
    </datafield>
    <datafield tag="962" ind1=" " ind2=" ">
      <subfield code="a">Batch:1353 reviewed on 2016-06-28T15:00:02Z</subfield>
    </datafield>
    <datafield tag="974" ind1=" " ind2=" ">
      <subfield code="a">agid:5232945</subfield>
    </datafield>
    <datafield tag="983" ind1=" " ind2=" ">
      <subfield code="a">2016-06-10</subfield>
    </datafield>
    <datafield tag="984" ind1=" " ind2=" ">
      <subfield code="a">2016-06-28</subfield>
    </datafield>
  </record>