
  <record>
    <leader>04600nab a2200721 u 4500</leader>
    <controlfield tag="001">9915980732307426</controlfield>
    <controlfield tag="005">20221122050239.0</controlfield>
    <controlfield tag="008">210326e20210312xx |||||o|||||||||||eng||</controlfield>
    <datafield tag="016" ind1="7" ind2=" ">
      <subfield code="a">IND607322356</subfield>
      <subfield code="2">DNAL</subfield>
    </datafield>
    <datafield tag="024" ind1="7" ind2=" ">
      <subfield code="a">10.3390/rs13061089</subfield>
      <subfield code="2">doi</subfield>
    </datafield>
    <datafield tag="035" ind1=" " ind2=" ">
      <subfield code="a">agid:7322356-01nal_inst</subfield>
    </datafield>
    <datafield tag="040" ind1=" " ind2=" ">
      <subfield code="a">AGL</subfield>
      <subfield code="b">eng</subfield>
      <subfield code="c">AGL</subfield>
    </datafield>
    <datafield tag="100" ind1="1" ind2=" ">
      <subfield code="a">Rodman, Kyle C.</subfield>
      <subfield code="e">author</subfield>
      <subfield code="u">Department of Forest and Wildlife Ecology, University of Wisconsin, 1630
        Linden Dr., Madison, WI 53706, USA</subfield>
    </datafield>
    <datafield tag="245" ind1="1" ind2="0">
      <subfield code="a">Effects of Bark Beetle Outbreaks on Forest Landscape Pattern in the
        Southern Rocky Mountains, U.S.A.</subfield>
    </datafield>
    <datafield tag="500" ind1=" " ind2=" ">
      <subfield code="a">NAL-light</subfield>
    </datafield>
    <datafield tag="520" ind1=" " ind2=" ">
      <subfield code="a">Since the late 1990s, extensive outbreaks of native bark beetles
        (Curculionidae: Scolytinae) have affected coniferous forests throughout Europe and North
        America, driving changes in carbon storage, wildlife habitat, nutrient cycling, and water
        resource provisioning. Remote sensing is a crucial tool for quantifying the effects of these
        disturbances across broad landscapes. In particular, Landsat time series (LTS) are
        increasingly used to characterize outbreak dynamics, including the presence and severity of
        bark beetle-caused tree mortality, though broad-scale LTS-based maps are rarely informed by
        detailed field validation. Here we used spatial and temporal information from LTS products,
        in combination with extensive field data and Random Forest (RF) models, to develop 30-m maps
        of the presence (i.e., any occurrence) and severity (i.e., cumulative percent basal area
        mortality) of beetle-caused tree mortality 1997–2019 in subalpine forests throughout the
        Southern Rocky Mountains, USA. Using resultant maps, we also quantified spatial patterns of
        cumulative tree mortality throughout the region, an important yet poorly understood concept
        in beetle-affected forests. RF models using LTS products to predict presence and severity
        performed well, with 80.3% correctly classified (Kappa = 0.61) and R² = 0.68 (RMSE = 17.3),
        respectively. We found that ≥10,256 km² of subalpine forest area (39.5% of the study area)
        was affected by bark beetles and 19.3% of the study area experienced ≥70% tree mortality
        over the twenty-three year period. Variograms indicated that severity was autocorrelated at
        scales &lt; 250 km. Interestingly, cumulative patch-size distributions showed that areas
        with a near-total loss of the overstory canopy (i.e., ≥90% mortality) were relatively small
        (&lt;0.24 km²) and isolated throughout the study area. Our findings help to inform an
        understanding of the variable effects of bark beetle outbreaks across complex forested
        regions and provide insight into patterns of disturbance legacies, landscape connectivity,
        and susceptibility to future disturbance.</subfield>
    </datafield>
    <datafield tag="592" ind1=" " ind2=" ">
      <subfield code="a">Publisher supplied data</subfield>
    </datafield>
    <datafield tag="593" ind1=" " ind2=" ">
      <subfield code="a">PubAg article</subfield>
    </datafield>
    <datafield tag="650" ind1=" " ind2="3">
      <subfield code="a">Curculionidae</subfield>
    </datafield>
    <datafield tag="650" ind1=" " ind2="3">
      <subfield code="a">Landsat</subfield>
    </datafield>
    <datafield tag="650" ind1=" " ind2="3">
      <subfield code="a">Scolytidae</subfield>
    </datafield>
    <datafield tag="650" ind1=" " ind2="3">
      <subfield code="a">autocorrelation</subfield>
    </datafield>
    <datafield tag="650" ind1=" " ind2="3">
      <subfield code="a">bark</subfield>
    </datafield>
    <datafield tag="650" ind1=" " ind2="3">
      <subfield code="a">bark beetles</subfield>
    </datafield>
    <datafield tag="650" ind1=" " ind2="3">
      <subfield code="a">canopy</subfield>
    </datafield>
    <datafield tag="650" ind1=" " ind2="3">
      <subfield code="a">carbon sequestration</subfield>
    </datafield>
    <datafield tag="650" ind1=" " ind2="3">
      <subfield code="a">habitat connectivity</subfield>
    </datafield>
    <datafield tag="650" ind1=" " ind2="3">
      <subfield code="a">landscapes</subfield>
    </datafield>
    <datafield tag="650" ind1=" " ind2="3">
      <subfield code="a">mortality</subfield>
    </datafield>
    <datafield tag="650" ind1=" " ind2="3">
      <subfield code="a">overstory</subfield>
    </datafield>
    <datafield tag="650" ind1=" " ind2="3">
      <subfield code="a">time series analysis</subfield>
    </datafield>
    <datafield tag="650" ind1=" " ind2="3">
      <subfield code="a">tree mortality</subfield>
    </datafield>
    <datafield tag="650" ind1=" " ind2="3">
      <subfield code="a">wildlife habitats</subfield>
    </datafield>
    <datafield tag="651" ind1=" " ind2="3">
      <subfield code="a">Europe</subfield>
    </datafield>
    <datafield tag="700" ind1="1" ind2=" ">
      <subfield code="a">Andrus, Robert A.</subfield>
      <subfield code="e">author</subfield>
    </datafield>
    <datafield tag="700" ind1="1" ind2=" ">
      <subfield code="a">Butkiewicz, Cori L.</subfield>
      <subfield code="e">author</subfield>
    </datafield>
    <datafield tag="700" ind1="1" ind2=" ">
      <subfield code="a">Chapman, Teresa B.</subfield>
      <subfield code="e">author</subfield>
    </datafield>
    <datafield tag="700" ind1="1" ind2=" ">
      <subfield code="a">Gill, Nathan S.</subfield>
      <subfield code="e">author</subfield>
    </datafield>
    <datafield tag="700" ind1="1" ind2=" ">
      <subfield code="a">Harvey, Brian J.</subfield>
      <subfield code="e">author</subfield>
    </datafield>
    <datafield tag="700" ind1="1" ind2=" ">
      <subfield code="a">Kulakowski, Dominik </subfield>
      <subfield code="e">author</subfield>
    </datafield>
    <datafield tag="700" ind1="1" ind2=" ">
      <subfield code="a">Tutland, Niko J.</subfield>
      <subfield code="e">author</subfield>
    </datafield>
    <datafield tag="700" ind1="1" ind2=" ">
      <subfield code="a">Veblen, Thomas T.</subfield>
      <subfield code="e">author</subfield>
    </datafield>
    <datafield tag="700" ind1="1" ind2=" ">
      <subfield code="a">Hart, Sarah J.</subfield>
      <subfield code="e">author</subfield>
    </datafield>
    <datafield tag="773" ind1="0" ind2=" ">
      <subfield code="t">Remote Sensing.</subfield>
      <subfield code="g">2021 Mar. 12, v. 13, no. 6</subfield>
      <subfield code="d">Multidisciplinary Digital Publishing Institute</subfield>
      <subfield code="w">Journal:26717</subfield>
      <subfield code="x">2072-4292</subfield>
      <subfield code="7">nnas</subfield>
    </datafield>
    <datafield tag="787" ind1="1" ind2=" ">
      <subfield code="o">islandora_article_repository</subfield>
    </datafield>
    <datafield tag="787" ind1="1" ind2=" ">
      <subfield code="o">product_pubag</subfield>
    </datafield>
    <datafield tag="787" ind1="1" ind2=" ">
      <subfield code="o">(Journal)26717</subfield>
    </datafield>
    <datafield tag="856" ind1="4" ind2="0">
      <subfield code="u">http://dx.doi.org/10.3390/rs13061089</subfield>
      <subfield code="3">Available from publisher's site</subfield>
    </datafield>
    <datafield tag="912" ind1=" " ind2=" ">
      <subfield code="a">Article</subfield>
    </datafield>
    <datafield tag="914" ind1=" " ind2=" ">
      <subfield code="a">Journal:26717</subfield>
      <subfield code="b">2072-4292</subfield>
      <subfield code="c">13</subfield>
      <subfield code="d">6</subfield>
    </datafield>
    <datafield tag="914" ind1=" " ind2=" ">
      <subfield code="f">Remote Sensing</subfield>
    </datafield>
    <datafield tag="916" ind1=" " ind2=" ">
      <subfield code="a">Batch:10080</subfield>
    </datafield>
    <datafield tag="917" ind1=" " ind2=" ">
      <subfield code="a">issued</subfield>
    </datafield>
    <datafield tag="918" ind1="2" ind2=" ">
      <subfield code="a">Multidisciplinary Digital Publishing Institute</subfield>
      <subfield code="e">provider</subfield>
      <subfield code="5">DNAL</subfield>
    </datafield>
    <datafield tag="935" ind1=" " ind2=" ">
      <subfield code="a">IND607322356</subfield>
      <subfield code="9">ExL</subfield>
    </datafield>
    <datafield tag="949" ind1=" " ind2=" ">
      <subfield code="a">2021-11-23</subfield>
    </datafield>
    <datafield tag="952" ind1=" " ind2=" ">
      <subfield code="d">NAL-AP-2-clean</subfield>
    </datafield>
    <datafield tag="953" ind1=" " ind2=" ">
      <subfield code="a"
        >/data/metadata/incoming/mdpinstitute/remotesensing-v13-i06-20210326.xml</subfield>
    </datafield>
    <datafield tag="954" ind1=" " ind2=" ">
      <subfield code="a"
        >file:/data/metadata/staging/mdpinstitute/remotesensing-v13-i06-20210326.xml</subfield>
    </datafield>
    <datafield tag="955" ind1=" " ind2=" ">
      <subfield code="a">/data/metadata/staging/mdpinstitute/</subfield>
    </datafield>
    <datafield tag="974" ind1=" " ind2=" ">
      <subfield code="a">agid:7322356</subfield>
    </datafield>
    <datafield tag="983" ind1=" " ind2=" ">
      <subfield code="a">2021-03-26</subfield>
    </datafield>
    <datafield tag="984" ind1=" " ind2=" ">
      <subfield code="a">2021-11-23</subfield>
    </datafield>
  </record>