
  <record>
    <leader>03363nab a2200601 u 4500</leader>
    <controlfield tag="001">9915980830907426</controlfield>
    <controlfield tag="005">20221123025717.0</controlfield>
    <controlfield tag="008">210326e20210310xx |||||o|||||||||||eng||</controlfield>
    <datafield tag="016" ind1="7" ind2=" ">
      <subfield code="a">IND607322256</subfield>
      <subfield code="2">DNAL</subfield>
    </datafield>
    <datafield tag="024" ind1="7" ind2=" ">
      <subfield code="a">10.3390/rs13061054</subfield>
      <subfield code="2">doi</subfield>
    </datafield>
    <datafield tag="035" ind1=" " ind2=" ">
      <subfield code="a">agid:7322256-01nal_inst</subfield>
    </datafield>
    <datafield tag="040" ind1=" " ind2=" ">
      <subfield code="a">AGL</subfield>
      <subfield code="b">eng</subfield>
      <subfield code="c">AGL</subfield>
    </datafield>
    <datafield tag="100" ind1="1" ind2=" ">
      <subfield code="a">Wang, Lu </subfield>
      <subfield code="e">author</subfield>
    </datafield>
    <datafield tag="245" ind1="1" ind2="0">
      <subfield code="a">GBRT-Based Estimation of Terrestrial Latent Heat Flux in the Haihe River
        Basin from Satellite and Reanalysis Datasets</subfield>
    </datafield>
    <datafield tag="500" ind1=" " ind2=" ">
      <subfield code="a">NAL-AP-2-clean</subfield>
    </datafield>
    <datafield tag="520" ind1=" " ind2=" ">
      <subfield code="a">An accurate and spatially continuous estimation of terrestrial latent heat
        flux (LE) is fundamental and crucial for the rational utilization of water resources in the
        Haihe River Basin (HRB). However, the sparsity of flux observation sites hinders the
        accurate characterization of spatiotemporal LE patterns over the HRB. In this study, we
        estimated the daily LE across the HRB using the gradient boosting regression tree (GBRT)
        from global land surface satellite NDVI data, reanalysis data and eddy covariance data.
        Compared with the random forests (RF) and extra tree regressor (ETR) methods, the GBRT
        obtains the best results, with R² = 0.86 and root mean square error (RMSE = 18.1 W/m². Then,
        we applied the GBRT algorithm to map the average annual terrestrial LE of the HRB from 2016
        to 2018 with a spatial resolution of 0.05°. When compared with the Global Land Surface
        Satellite (GLASS) and Moderate Resolution Imaging Spectroradiometer (MODIS) LE products, the
        difference between the terrestrial LE estimated by the GBRT algorithm and the GLASS and
        MODIS products was less than 20 W/m² in most areas; thus, the GBRT algorithm was reliable
        and reasonable for estimating the long-term LE estimation over the HRB.</subfield>
    </datafield>
    <datafield tag="592" ind1=" " ind2=" ">
      <subfield code="a">Publisher supplied data</subfield>
    </datafield>
    <datafield tag="593" ind1=" " ind2=" ">
      <subfield code="a">PubAg article</subfield>
    </datafield>
    <datafield tag="650" ind1=" " ind2="3">
      <subfield code="a">algorithms</subfield>
    </datafield>
    <datafield tag="650" ind1=" " ind2="3">
      <subfield code="a">data collection</subfield>
    </datafield>
    <datafield tag="650" ind1=" " ind2="3">
      <subfield code="a">eddy covariance</subfield>
    </datafield>
    <datafield tag="650" ind1=" " ind2="3">
      <subfield code="a">latent heat flux</subfield>
    </datafield>
    <datafield tag="650" ind1=" " ind2="3">
      <subfield code="a">regression analysis</subfield>
    </datafield>
    <datafield tag="650" ind1=" " ind2="3">
      <subfield code="a">satellites</subfield>
    </datafield>
    <datafield tag="650" ind1=" " ind2="3">
      <subfield code="a">trees</subfield>
    </datafield>
    <datafield tag="650" ind1=" " ind2="3">
      <subfield code="a">watersheds</subfield>
    </datafield>
    <datafield tag="700" ind1="1" ind2=" ">
      <subfield code="a">Zhang, Yuhu </subfield>
      <subfield code="e">author</subfield>
      <subfield code="u">College of Resource Environment and Tourism, Capital Normal University,
        Beijing 100048, China</subfield>
    </datafield>
    <datafield tag="700" ind1="1" ind2=" ">
      <subfield code="a">Yao, Yunjun </subfield>
      <subfield code="e">author</subfield>
    </datafield>
    <datafield tag="700" ind1="1" ind2=" ">
      <subfield code="a">Xiao, Zhiqiang </subfield>
      <subfield code="e">author</subfield>
    </datafield>
    <datafield tag="700" ind1="1" ind2=" ">
      <subfield code="a">Shang, Ke </subfield>
      <subfield code="e">author</subfield>
    </datafield>
    <datafield tag="700" ind1="1" ind2=" ">
      <subfield code="a">Guo, Xiaozheng </subfield>
      <subfield code="e">author</subfield>
    </datafield>
    <datafield tag="700" ind1="1" ind2=" ">
      <subfield code="a">Yang, Junming </subfield>
      <subfield code="e">author</subfield>
    </datafield>
    <datafield tag="700" ind1="1" ind2=" ">
      <subfield code="a">Xue, Shuhui </subfield>
      <subfield code="e">author</subfield>
    </datafield>
    <datafield tag="700" ind1="1" ind2=" ">
      <subfield code="a">Wang, Jie </subfield>
      <subfield code="e">author</subfield>
    </datafield>
    <datafield tag="773" ind1="0" ind2=" ">
      <subfield code="t">Remote Sensing.</subfield>
      <subfield code="g">2021 Mar. 10, v. 13, no. 6</subfield>
      <subfield code="d">Multidisciplinary Digital Publishing Institute</subfield>
      <subfield code="w">Journal:26717</subfield>
      <subfield code="x">2072-4292</subfield>
      <subfield code="7">nnas</subfield>
    </datafield>
    <datafield tag="787" ind1="1" ind2=" ">
      <subfield code="o">islandora_article_repository</subfield>
    </datafield>
    <datafield tag="787" ind1="1" ind2=" ">
      <subfield code="o">product_pubag</subfield>
    </datafield>
    <datafield tag="787" ind1="1" ind2=" ">
      <subfield code="o">(Journal)26717</subfield>
    </datafield>
    <datafield tag="856" ind1="4" ind2="0">
      <subfield code="u">http://dx.doi.org/10.3390/rs13061054</subfield>
      <subfield code="3">Available from publisher's site</subfield>
    </datafield>
    <datafield tag="912" ind1=" " ind2=" ">
      <subfield code="a">Article</subfield>
    </datafield>
    <datafield tag="914" ind1=" " ind2=" ">
      <subfield code="a">Journal:26717</subfield>
      <subfield code="b">2072-4292</subfield>
      <subfield code="c">13</subfield>
      <subfield code="d">6</subfield>
    </datafield>
    <datafield tag="914" ind1=" " ind2=" ">
      <subfield code="f">Remote Sensing</subfield>
    </datafield>
    <datafield tag="916" ind1=" " ind2=" ">
      <subfield code="a">Batch:10076</subfield>
    </datafield>
    <datafield tag="917" ind1=" " ind2=" ">
      <subfield code="a">issued</subfield>
    </datafield>
    <datafield tag="918" ind1="2" ind2=" ">
      <subfield code="a">Multidisciplinary Digital Publishing Institute</subfield>
      <subfield code="e">provider</subfield>
      <subfield code="5">DNAL</subfield>
    </datafield>
    <datafield tag="935" ind1=" " ind2=" ">
      <subfield code="a">IND607322256</subfield>
      <subfield code="9">ExL</subfield>
    </datafield>
    <datafield tag="949" ind1=" " ind2=" ">
      <subfield code="a">2021-06-17</subfield>
    </datafield>
    <datafield tag="953" ind1=" " ind2=" ">
      <subfield code="a"
        >/data/metadata/incoming/mdpinstitute/remotesensing-v13-i06-20210326.xml</subfield>
    </datafield>
    <datafield tag="954" ind1=" " ind2=" ">
      <subfield code="a"
        >file:/data/metadata/staging/mdpinstitute/remotesensing-v13-i06-20210326.xml</subfield>
    </datafield>
    <datafield tag="955" ind1=" " ind2=" ">
      <subfield code="a">/data/metadata/staging/mdpinstitute/</subfield>
    </datafield>
    <datafield tag="974" ind1=" " ind2=" ">
      <subfield code="a">agid:7322256</subfield>
    </datafield>
    <datafield tag="983" ind1=" " ind2=" ">
      <subfield code="a">2021-03-26</subfield>
    </datafield>
    <datafield tag="984" ind1=" " ind2=" ">
      <subfield code="a">2021-06-17</subfield>
    </datafield>
  </record>