
  <record>
    <leader>05205nab a2200721 u 4500</leader>
    <controlfield tag="001">9915610509507426</controlfield>
    <controlfield tag="005">20221118220802.0</controlfield>
    <controlfield tag="008">210601e20210531xx |||||o|||||||||||eng||</controlfield>
    <datafield tag="016" ind1="7" ind2=" ">
      <subfield code="a">IND607402819</subfield>
      <subfield code="2">DNAL</subfield>
    </datafield>
    <datafield tag="024" ind1="7" ind2=" ">
      <subfield code="a">10.1653/024.104.0105</subfield>
      <subfield code="2">doi</subfield>
    </datafield>
    <datafield tag="035" ind1=" " ind2=" ">
      <subfield code="a">agid:7402819-01nal_inst</subfield>
    </datafield>
    <datafield tag="040" ind1=" " ind2=" ">
      <subfield code="a">AGL</subfield>
      <subfield code="b">eng</subfield>
      <subfield code="c">AGL</subfield>
    </datafield>
    <datafield tag="100" ind1="1" ind2=" ">
      <subfield code="a">Grabarczyk, Erin E.</subfield>
      <subfield code="e">author</subfield>
      <subfield code="u">USDA-ARS, Southeast Watershed Research Laboratory, Tifton, Georgia 31793,
        USA; E-mail:, Erin.Grabarczyk@usda.gov, (E. E. G.), Dawn.Olson@usda.gov, (D. M. O.),
        Glynn.Tillman@usda.gov, (P. G. T.)</subfield>
    </datafield>
    <datafield tag="245" ind1="1" ind2="0">
      <subfield code="a">Spatiotemporal Distribution of Stink Bugs (Hemiptera: Pentatomidae) in
        Peach Orchards and Surrounding Habitat</subfield>
    </datafield>
    <datafield tag="300" ind1=" " ind2=" ">
      <subfield code="a">p. 27-35.</subfield>
    </datafield>
    <datafield tag="500" ind1=" " ind2=" ">
      <subfield code="a">NAL-AP-2-clean</subfield>
    </datafield>
    <datafield tag="520" ind1=" " ind2=" ">
      <subfield code="a">Stink bugs (Hemiptera: Pentatomidae) are economic pests of a variety of
        fruit crops across the southeastern USA, and damage by stink bugs to peaches is common. The
        landscape surrounding orchards may influence stink bug distribution and dispersal into this
        commodity, but such patterns may vary over the growing season. Accordingly, stink bug
        control should be targeted seasonally towards habitats that effectively reduce or prevent
        damage to peach. In this study, we used pheromone-baited traps to characterize distribution
        patterns of 2 stink bug species, Euschistus servus (Say) and Euschistus tristigmus (Say)
        (both Hemiptera: Pentatomidae), in peach orchards and surrounding habitat over 2 seasons at
        3 sites in central Georgia, USA. In addition, we used Spatial Analysis by Distance Indices
        to identify significant aggregations of each species over the duration of the growing
        seasons. Adults captured in traps differed by species, and distribution patterns varied by
        habitat and wk sampled. Euschistus servus was commonly found in peaches, whereas E.
        tristigmus was not. Regardless of orchard or yr, adult E. servus tended to avoid woodland
        habitat, whereas E. tristigmus tended to prefer this habitat type. Both species increased
        later in the season in peach orchards with significant spatial aggregations of each detected
        at all orchards. However, the wk in which aggregations were detected varied by orchard and
        yr. Across all orchards, E. servus adults clustered mainly in peach trees adjacent to pecan,
        as well as pine, fallow, and kudzu habitat. Adult E. tristigmus aggregated primarily in
        woodland, pine, and pecan habitat. Seasonal distribution patterns of E. servus and E.
        tristigmus suggest that control measures may need to be implemented on a fine spatial scale
        across peach and non-crop habitats.</subfield>
    </datafield>
    <datafield tag="592" ind1=" " ind2=" ">
      <subfield code="a">Publisher supplied data</subfield>
    </datafield>
    <datafield tag="593" ind1=" " ind2=" ">
      <subfield code="a">PubAg article</subfield>
    </datafield>
    <datafield tag="650" ind1=" " ind2="3">
      <subfield code="a">Euschistus servus</subfield>
    </datafield>
    <datafield tag="650" ind1=" " ind2="3">
      <subfield code="a">Euschistus tristigmus</subfield>
    </datafield>
    <datafield tag="650" ind1=" " ind2="3">
      <subfield code="a">Pueraria montana var. lobata</subfield>
    </datafield>
    <datafield tag="650" ind1=" " ind2="3">
      <subfield code="a">entomologists</subfield>
    </datafield>
    <datafield tag="650" ind1=" " ind2="3">
      <subfield code="a">fallow</subfield>
    </datafield>
    <datafield tag="650" ind1=" " ind2="3">
      <subfield code="a">fruits</subfield>
    </datafield>
    <datafield tag="650" ind1=" " ind2="3">
      <subfield code="a">habitats</subfield>
    </datafield>
    <datafield tag="650" ind1=" " ind2="3">
      <subfield code="a">landscapes</subfield>
    </datafield>
    <datafield tag="650" ind1=" " ind2="3">
      <subfield code="a">orchards</subfield>
    </datafield>
    <datafield tag="650" ind1=" " ind2="3">
      <subfield code="a">peaches</subfield>
    </datafield>
    <datafield tag="650" ind1=" " ind2="3">
      <subfield code="a">pecans</subfield>
    </datafield>
    <datafield tag="650" ind1=" " ind2="3">
      <subfield code="a">woodlands</subfield>
    </datafield>
    <datafield tag="651" ind1=" " ind2="3">
      <subfield code="a">Florida</subfield>
    </datafield>
    <datafield tag="651" ind1=" " ind2="3">
      <subfield code="a">Georgia</subfield>
    </datafield>
    <datafield tag="653" ind1=" " ind2="0">
      <subfield code="a">pheromone-baited trap</subfield>
    </datafield>
    <datafield tag="653" ind1=" " ind2="0">
      <subfield code="a">SADIE</subfield>
    </datafield>
    <datafield tag="653" ind1=" " ind2="0">
      <subfield code="a">landscape</subfield>
    </datafield>
    <datafield tag="653" ind1=" " ind2="0">
      <subfield code="a">habitat prevalence</subfield>
    </datafield>
    <datafield tag="700" ind1="1" ind2=" ">
      <subfield code="a">Olson, Dawn M.</subfield>
      <subfield code="e">author</subfield>
      <subfield code="u">USDA-ARS, Southeast Watershed Research Laboratory, Tifton, Georgia 31793,
        USA; E-mail:, Erin.Grabarczyk@usda.gov, (E. E. G.), Dawn.Olson@usda.gov, (D. M. O.),
        Glynn.Tillman@usda.gov, (P. G. T.)</subfield>
    </datafield>
    <datafield tag="700" ind1="1" ind2=" ">
      <subfield code="a">Tillman, P. Glynn</subfield>
      <subfield code="e">author</subfield>
      <subfield code="u">USDA-ARS, Southeast Watershed Research Laboratory, Tifton, Georgia 31793,
        USA; E-mail:, Erin.Grabarczyk@usda.gov, (E. E. G.), Dawn.Olson@usda.gov, (D. M. O.),
        Glynn.Tillman@usda.gov, (P. G. T.)</subfield>
    </datafield>
    <datafield tag="700" ind1="1" ind2=" ">
      <subfield code="a">Hodges, Amanda C.</subfield>
      <subfield code="e">author</subfield>
      <subfield code="u">University of Florida, Entomology and Nematology Department, Gainesville,
        Florida 32611, USA; E-mail:, achodges@ufl.edu, (A. C. H.)</subfield>
    </datafield>
    <datafield tag="700" ind1="1" ind2=" ">
      <subfield code="a">Hodges, Greg</subfield>
      <subfield code="e">author</subfield>
      <subfield code="u">Division of Plant Industry, Florida Department of Agriculture and Consumer
        Services, Gainesville, Florida 32614-7100, USA; E-mail:, Greg.Hodges@fdacs.gov, (G.
        H.)</subfield>
    </datafield>
    <datafield tag="700" ind1="1" ind2=" ">
      <subfield code="a">Horton, Dan L.</subfield>
      <subfield code="e">author</subfield>
      <subfield code="u">University of Georgia, Department of Entomology, Athens, Georgia 30602,
        USA; E-mail:, dlhorton@uga.edu, (D. L. H.)</subfield>
    </datafield>
    <datafield tag="700" ind1="1" ind2=" ">
      <subfield code="a">Cottrell, Ted E.</subfield>
      <subfield code="e">author</subfield>
      <subfield code="u">USDA-ARS, Southeastern Fruit and Tree Nut Research Laboratory, Byron,
        Georgia 31008, USA; E-mail:, Ted.Cottrell@usda.gov, (T. E. C.)</subfield>
    </datafield>
    <datafield tag="773" ind1="0" ind2=" ">
      <subfield code="t">Florida entomologist.</subfield>
      <subfield code="g">2021 May 31, v. 104, no. 1 p.27-35</subfield>
      <subfield code="d">Florida Entomological Society</subfield>
      <subfield code="w">Journal:jnl44725</subfield>
      <subfield code="x">1938-5102</subfield>
      <subfield code="7">nnas</subfield>
    </datafield>
    <datafield tag="787" ind1="1" ind2=" ">
      <subfield code="o">islandora_article_repository</subfield>
    </datafield>
    <datafield tag="787" ind1="1" ind2=" ">
      <subfield code="o">product_pubag</subfield>
    </datafield>
    <datafield tag="787" ind1="1" ind2=" ">
      <subfield code="o">(Journal)jnl44725</subfield>
    </datafield>
    <datafield tag="856" ind1="4" ind2="0">
      <subfield code="u">http://dx.doi.org/10.1653/024.104.0105</subfield>
      <subfield code="3">Available from publisher's site</subfield>
    </datafield>
    <datafield tag="912" ind1=" " ind2=" ">
      <subfield code="a">Article</subfield>
    </datafield>
    <datafield tag="914" ind1=" " ind2=" ">
      <subfield code="a">Journal:jnl44725</subfield>
      <subfield code="b">1938-5102</subfield>
      <subfield code="c">104</subfield>
      <subfield code="d">1</subfield>
      <subfield code="e">27</subfield>
    </datafield>
    <datafield tag="914" ind1=" " ind2=" ">
      <subfield code="f">Florida entomologist</subfield>
    </datafield>
    <datafield tag="916" ind1=" " ind2=" ">
      <subfield code="a">Batch:10138</subfield>
    </datafield>
    <datafield tag="917" ind1=" " ind2=" ">
      <subfield code="a">issued</subfield>
    </datafield>
    <datafield tag="918" ind1="2" ind2=" ">
      <subfield code="a">BioOne</subfield>
      <subfield code="e">provider</subfield>
      <subfield code="5">DNAL</subfield>
    </datafield>
    <datafield tag="935" ind1=" " ind2=" ">
      <subfield code="a">IND607402819</subfield>
      <subfield code="9">ExL</subfield>
    </datafield>
    <datafield tag="949" ind1=" " ind2=" ">
      <subfield code="a">2021-06-17</subfield>
    </datafield>
    <datafield tag="953" ind1=" " ind2=" ">
      <subfield code="a">/data/metadata/incoming/bioone/024.104.0105_front.xml.zip</subfield>
    </datafield>
    <datafield tag="954" ind1=" " ind2=" ">
      <subfield code="a">file:/data/metadata/staging/bioone/024.104.0105_front.xml</subfield>
    </datafield>
    <datafield tag="955" ind1=" " ind2=" ">
      <subfield code="a">/data/metadata/staging/bioone/</subfield>
    </datafield>
    <datafield tag="961" ind1=" " ind2=" ">
      <subfield code="a">USDA/ARS</subfield>
    </datafield>
    <datafield tag="974" ind1=" " ind2=" ">
      <subfield code="a">agid:7402819</subfield>
    </datafield>
    <datafield tag="983" ind1=" " ind2=" ">
      <subfield code="a">2021-06-01</subfield>
    </datafield>
    <datafield tag="984" ind1=" " ind2=" ">
      <subfield code="a">2021-06-17</subfield>
    </datafield>
  </record>