
  <record>
    <leader>05292nab a2200841 u 4500</leader>
    <controlfield tag="001">9915611618107426</controlfield>
    <controlfield tag="005">20221118220602.0</controlfield>
    <controlfield tag="008">200509e201811 xx |||||o|||||||||||eng||</controlfield>
    <datafield tag="016" ind1="7" ind2=" ">
      <subfield code="a">IND606329445</subfield>
      <subfield code="2">DNAL</subfield>
    </datafield>
    <datafield tag="024" ind1="7" ind2=" ">
      <subfield code="a">10.1016/j.envexpbot.2018.06.018</subfield>
      <subfield code="2">doi</subfield>
    </datafield>
    <datafield tag="035" ind1=" " ind2=" ">
      <subfield code="a">agid:6329445-01nal_inst</subfield>
    </datafield>
    <datafield tag="040" ind1=" " ind2=" ">
      <subfield code="a">AGL</subfield>
      <subfield code="b">eng</subfield>
      <subfield code="c">AGL</subfield>
    </datafield>
    <datafield tag="100" ind1="1" ind2=" ">
      <subfield code="a">Nackley, Lloyd L.</subfield>
      <subfield code="e">author</subfield>
      <subfield code="u">North Willamette Research and Extension Center, Dept. of Horticulture,
        Corvallis, Oregon State University, USA</subfield>
    </datafield>
    <datafield tag="245" ind1="1" ind2="0">
      <subfield code="a">CO2 enrichment does not entirely ameliorate Vachellia karroo drought
        inhibition: A missing mechanism explaining savanna bush encroachment</subfield>
    </datafield>
    <datafield tag="300" ind1=" " ind2=" ">
      <subfield code="a">p. 98-106.</subfield>
    </datafield>
    <datafield tag="520" ind1=" " ind2=" ">
      <subfield code="a">There is theoretical, empirical and modeled evidence that atmospheric
        enrichment of carbon dioxide (CO₂) is driving the conversion of open savannas to woodlands
        (i.e., woody thickening or bush encroachment). This study measured the impacts of available
        CO₂ and water limitation on seedling growth and physiology to determine how these two
        environmental conditions may be influencing savanna seedling establishment. We hypothesized
        that a model savanna tree, Vachellia karroo, would experience positive growth responses to
        increasing CO₂ and that CO₂ enrichment would partially offset slowed growth and
        physiological inhibition imposed by drought. To test this hypothesis, we grew V. karroo in
        open-top chambers at the Kirstenbosch Research Center (Cape Town, South Africa). The
        seedlings were divided equally into four CO₂ treatments: 180 ppm, 270 ppm, 400 ppm, and
        800 ppm. Seedlings were grown in their CO₂ treatments for 35 days before drought was
        initiated. The drought was initiated by removing the irrigation from half of the pots. Leaf
        gas-exchange, stem water potential, leaf non-structural carbohydrate concentrations, and
        plant morphology were measured at drought day-30 and drought day-60. The results showed
        significant benefits from CO₂ enrichment to aboveground plant structures, including larger
        leaves and stems, when water was abundant (p &lt; 0.05). CO₂-related increases to
        photosynthetic parameters, such as instantaneous water-use efficiency, were significantly
        diminished by water limitation (p &lt; 0.05). Our results present the first experimental
        evidence of the relationship between the two driving factors structuring the large-scale
        spatial patterns of savanna vegetation productivity and cover. These results suggest that
        atmospheric enrichment of CO₂ will significantly affect aspects of plant growth and
        physiology, yet prolonged drought will remain an overarching determinant of savanna plant
        community dynamics.</subfield>
    </datafield>
    <datafield tag="592" ind1=" " ind2=" ">
      <subfield code="a">Publisher supplied data</subfield>
    </datafield>
    <datafield tag="593" ind1=" " ind2=" ">
      <subfield code="a">PubAg article</subfield>
    </datafield>
    <datafield tag="650" ind1=" " ind2="3">
      <subfield code="a">Vachellia</subfield>
    </datafield>
    <datafield tag="650" ind1=" " ind2="3">
      <subfield code="a">carbohydrates</subfield>
    </datafield>
    <datafield tag="650" ind1=" " ind2="3">
      <subfield code="a">carbon dioxide</subfield>
    </datafield>
    <datafield tag="650" ind1=" " ind2="3">
      <subfield code="a">carbon dioxide enrichment</subfield>
    </datafield>
    <datafield tag="650" ind1=" " ind2="3">
      <subfield code="a">drought</subfield>
    </datafield>
    <datafield tag="650" ind1=" " ind2="3">
      <subfield code="a">environmental factors</subfield>
    </datafield>
    <datafield tag="650" ind1=" " ind2="3">
      <subfield code="a">gas exchange</subfield>
    </datafield>
    <datafield tag="650" ind1=" " ind2="3">
      <subfield code="a">irrigation</subfield>
    </datafield>
    <datafield tag="650" ind1=" " ind2="3">
      <subfield code="a">leaves</subfield>
    </datafield>
    <datafield tag="650" ind1=" " ind2="3">
      <subfield code="a">models</subfield>
    </datafield>
    <datafield tag="650" ind1=" " ind2="3">
      <subfield code="a">photosynthesis</subfield>
    </datafield>
    <datafield tag="650" ind1=" " ind2="3">
      <subfield code="a">plant communities</subfield>
    </datafield>
    <datafield tag="650" ind1=" " ind2="3">
      <subfield code="a">plant establishment</subfield>
    </datafield>
    <datafield tag="650" ind1=" " ind2="3">
      <subfield code="a">plant morphology</subfield>
    </datafield>
    <datafield tag="650" ind1=" " ind2="3">
      <subfield code="a">savannas</subfield>
    </datafield>
    <datafield tag="650" ind1=" " ind2="3">
      <subfield code="a">seedling growth</subfield>
    </datafield>
    <datafield tag="650" ind1=" " ind2="3">
      <subfield code="a">seedlings</subfield>
    </datafield>
    <datafield tag="650" ind1=" " ind2="3">
      <subfield code="a">stems</subfield>
    </datafield>
    <datafield tag="650" ind1=" " ind2="3">
      <subfield code="a">trees</subfield>
    </datafield>
    <datafield tag="650" ind1=" " ind2="3">
      <subfield code="a">water potential</subfield>
    </datafield>
    <datafield tag="650" ind1=" " ind2="3">
      <subfield code="a">water use efficiency</subfield>
    </datafield>
    <datafield tag="650" ind1=" " ind2="3">
      <subfield code="a">woodlands</subfield>
    </datafield>
    <datafield tag="651" ind1=" " ind2="3">
      <subfield code="a">South Africa</subfield>
    </datafield>
    <datafield tag="653" ind1=" " ind2="0">
      <subfield code="a">Acacia karroo</subfield>
    </datafield>
    <datafield tag="653" ind1=" " ind2="0">
      <subfield code="a">Climate change</subfield>
    </datafield>
    <datafield tag="653" ind1=" " ind2="0">
      <subfield code="a">Last glacial maximum</subfield>
    </datafield>
    <datafield tag="653" ind1=" " ind2="0">
      <subfield code="a">Land cover change</subfield>
    </datafield>
    <datafield tag="653" ind1=" " ind2="0">
      <subfield code="a">Photosynthesis</subfield>
    </datafield>
    <datafield tag="653" ind1=" " ind2="0">
      <subfield code="a">Stomata</subfield>
    </datafield>
    <datafield tag="653" ind1=" " ind2="0">
      <subfield code="a">WUE</subfield>
    </datafield>
    <datafield tag="700" ind1="1" ind2=" ">
      <subfield code="a">Betzelberger, Amy</subfield>
      <subfield code="e">author</subfield>
      <subfield code="u">Department of Biological Sciences, University of Cape Town, Cape Town,
        South Africa</subfield>
    </datafield>
    <datafield tag="700" ind1="1" ind2=" ">
      <subfield code="a">Skowno, Andrew</subfield>
      <subfield code="e">author</subfield>
      <subfield code="u">Botany Department, Rhodes University, Grahamstown, South Africa</subfield>
    </datafield>
    <datafield tag="700" ind1="1" ind2=" ">
      <subfield code="a">G. West, Adam</subfield>
      <subfield code="e">author</subfield>
      <subfield code="u">Department of Biological Sciences, University of Cape Town, Cape Town,
        South Africa</subfield>
    </datafield>
    <datafield tag="700" ind1="1" ind2=" ">
      <subfield code="a">Ripley, Brad S.</subfield>
      <subfield code="e">author</subfield>
      <subfield code="u">Botany Department, Rhodes University, Grahamstown, South Africa</subfield>
    </datafield>
    <datafield tag="700" ind1="1" ind2=" ">
      <subfield code="a">Bond, William J.</subfield>
      <subfield code="e">author</subfield>
      <subfield code="u">Department of Biological Sciences, University of Cape Town, Cape Town,
        South Africa</subfield>
    </datafield>
    <datafield tag="700" ind1="1" ind2=" ">
      <subfield code="a">Midgley, Guy F.</subfield>
      <subfield code="e">author</subfield>
      <subfield code="u">Department of Botany and Zoology, Stellenbosch University, Stellenbosch,
        South Africa</subfield>
    </datafield>
    <datafield tag="773" ind1="0" ind2=" ">
      <subfield code="t">Environmental and experimental botany.</subfield>
      <subfield code="g">2018 Nov., v. 155 p.98-106</subfield>
      <subfield code="d">Elsevier B.V.</subfield>
      <subfield code="w">Journal:jnl7512</subfield>
      <subfield code="x">0098-8472</subfield>
      <subfield code="7">nnas</subfield>
    </datafield>
    <datafield tag="787" ind1="1" ind2=" ">
      <subfield code="o">islandora_article_repository</subfield>
    </datafield>
    <datafield tag="787" ind1="1" ind2=" ">
      <subfield code="o">product_pubag</subfield>
    </datafield>
    <datafield tag="787" ind1="1" ind2=" ">
      <subfield code="o">(Journal)jnl7512</subfield>
    </datafield>
    <datafield tag="856" ind1="4" ind2="0">
      <subfield code="u">https://dx.doi.org/10.1016/j.envexpbot.2018.06.018</subfield>
      <subfield code="3">Available from publisher's site</subfield>
    </datafield>
    <datafield tag="912" ind1=" " ind2=" ">
      <subfield code="a">Article</subfield>
    </datafield>
    <datafield tag="914" ind1=" " ind2=" ">
      <subfield code="a">Journal:jnl7512</subfield>
      <subfield code="b">0098-8472</subfield>
      <subfield code="c">155</subfield>
      <subfield code="e">98</subfield>
    </datafield>
    <datafield tag="914" ind1=" " ind2=" ">
      <subfield code="f">Environmental and experimental botany</subfield>
    </datafield>
    <datafield tag="916" ind1=" " ind2=" ">
      <subfield code="a">Batch:2177</subfield>
    </datafield>
    <datafield tag="917" ind1=" " ind2=" ">
      <subfield code="a">issued</subfield>
    </datafield>
    <datafield tag="918" ind1="2" ind2=" ">
      <subfield code="a">Elsevier Consyn</subfield>
      <subfield code="e">provider</subfield>
      <subfield code="5">DNAL</subfield>
    </datafield>
    <datafield tag="935" ind1=" " ind2=" ">
      <subfield code="a">IND606329445</subfield>
      <subfield code="9">ExL</subfield>
    </datafield>
    <datafield tag="949" ind1=" " ind2=" ">
      <subfield code="a">2019-06-28</subfield>
    </datafield>
    <datafield tag="953" ind1=" " ind2=" ">
      <subfield code="a">/data/metadata/incoming/consyn/109462204607484701-00002-HEAD-ONLY-NEW
        CONSYN ISSNS.zip</subfield>
    </datafield>
    <datafield tag="954" ind1=" " ind2=" ">
      <subfield code="a">file:/data/metadata/staging/consyn/S0098847218307287.xml</subfield>
    </datafield>
    <datafield tag="955" ind1=" " ind2=" ">
      <subfield code="a">/data/metadata/staging/consyn/</subfield>
    </datafield>
    <datafield tag="974" ind1=" " ind2=" ">
      <subfield code="a">agid:6329445</subfield>
    </datafield>
    <datafield tag="983" ind1=" " ind2=" ">
      <subfield code="a">2020-05-09</subfield>
    </datafield>
    <datafield tag="984" ind1=" " ind2=" ">
      <subfield code="a">2020-05-09</subfield>
    </datafield>
  </record>