
  <record>
    <leader>04667nab a2200673 u 4500</leader>
    <controlfield tag="001">9915611806607426</controlfield>
    <controlfield tag="005">20221118221107.0</controlfield>
    <controlfield tag="008">210408e202012 xx |||||o|||||||||||eng||</controlfield>
    <datafield tag="016" ind1="7" ind2=" ">
      <subfield code="a">IND607149451</subfield>
      <subfield code="2">DNAL</subfield>
    </datafield>
    <datafield tag="024" ind1="7" ind2=" ">
      <subfield code="a">10.1016/j.jenvrad.2020.106447</subfield>
      <subfield code="2">doi</subfield>
    </datafield>
    <datafield tag="035" ind1=" " ind2=" ">
      <subfield code="a">agid:7149451-01nal_inst</subfield>
    </datafield>
    <datafield tag="040" ind1=" " ind2=" ">
      <subfield code="a">AGL</subfield>
      <subfield code="b">eng</subfield>
      <subfield code="c">AGL</subfield>
    </datafield>
    <datafield tag="100" ind1="1" ind2=" ">
      <subfield code="a">Kenzo, Tanaka</subfield>
      <subfield code="e">author</subfield>
      <subfield code="u">Forestry and Forest Products Research Institute, Tsukuba, Ibaraki,
        305-8687, Japan</subfield>
    </datafield>
    <datafield tag="245" ind1="1" ind2="0">
      <subfield code="a">Vertical distribution of radiocesium concentrations among crown positions
        and year-to-year variation in four major tree species after the Fukushima Daiichi Nuclear
        Power Plant accident</subfield>
    </datafield>
    <datafield tag="500" ind1=" " ind2=" ">
      <subfield code="a">NAL-AP-2-clean</subfield>
    </datafield>
    <datafield tag="520" ind1=" " ind2=" ">
      <subfield code="a">To evaluate the distribution of radiocesium (¹³⁷Cs) among crown positions
        in trees after the Fukushima Daiichi Nuclear Power Plant accident, we collected foliage and
        branch samples from different crown positions of four major tree species (Chamaecyparis
        obtusa, Cryptomeria japonica, Pinus densiflora, and Quercus serrata) from 2011 to 2019 in
        northeast Japan. We divided the samples into current-year and more than 1-year-old groups
        (called old foliage and old branches), which sometimes included directly contaminated parts.
        The ¹³⁷Cs activity concentration in dry foliage and branches was measured using a germanium
        semiconductor detector. There were complex differences in the relative ¹³⁷Cs activity
        concentration among species and organ types (i.e., foliage and branches) among crown
        positions. The relative ¹³⁷Cs activity concentration in current-year foliage was higher in
        the upper crowns of C. obtusa, but higher in lower crown positions in C. japonica. No
        differences among crown positions were observed in P. densiflora and Q. serrata. In
        current-year branches, the relative ¹³⁷Cs concentration in Q. serrata was similar among
        crown positions but higher in the upper crown in P. densiflora. The concentrations in old
        foliage and old branches in all species tended to be higher in the lower crown. The factors
        causing these interspecific and organ type differences among crown positions may be related
        to the organ turnover rate, dilution effect due to different growth rates, and potassium
        distribution within the crown. No year-to-year variation was observed in most foliage and
        branches in all species, except for current-year branches of Q. serrata, old foliage in C.
        japonica and P. densiflora, and old branches in P. densiflora. Our long-term data on the
        interspecific and inter-organ patterns of contamination, focusing on variation among crown
        positions and year-to-year trends, might help to improve the estimation of ¹³⁷Cs deposition
        and dynamics in polluted forest ecosystems.</subfield>
    </datafield>
    <datafield tag="592" ind1=" " ind2=" ">
      <subfield code="a">Publisher supplied data</subfield>
    </datafield>
    <datafield tag="593" ind1=" " ind2=" ">
      <subfield code="a">PubAg article</subfield>
    </datafield>
    <datafield tag="650" ind1=" " ind2="3">
      <subfield code="a">Chamaecyparis obtusa</subfield>
    </datafield>
    <datafield tag="650" ind1=" " ind2="3">
      <subfield code="a">Japan</subfield>
    </datafield>
    <datafield tag="650" ind1=" " ind2="3">
      <subfield code="a">Pinus densiflora</subfield>
    </datafield>
    <datafield tag="650" ind1=" " ind2="3">
      <subfield code="a">Quercus serrata</subfield>
    </datafield>
    <datafield tag="650" ind1=" " ind2="3">
      <subfield code="a">accidents</subfield>
    </datafield>
    <datafield tag="650" ind1=" " ind2="3">
      <subfield code="a">cesium radioisotopes</subfield>
    </datafield>
    <datafield tag="650" ind1=" " ind2="3">
      <subfield code="a">forests</subfield>
    </datafield>
    <datafield tag="650" ind1=" " ind2="3">
      <subfield code="a">germanium</subfield>
    </datafield>
    <datafield tag="650" ind1=" " ind2="3">
      <subfield code="a">leaves</subfield>
    </datafield>
    <datafield tag="650" ind1=" " ind2="3">
      <subfield code="a">nuclear power</subfield>
    </datafield>
    <datafield tag="650" ind1=" " ind2="3">
      <subfield code="a">potassium</subfield>
    </datafield>
    <datafield tag="650" ind1=" " ind2="3">
      <subfield code="a">power plants</subfield>
    </datafield>
    <datafield tag="650" ind1=" " ind2="3">
      <subfield code="a">radioactivity</subfield>
    </datafield>
    <datafield tag="650" ind1=" " ind2="3">
      <subfield code="a">semiconductors</subfield>
    </datafield>
    <datafield tag="650" ind1=" " ind2="3">
      <subfield code="a">spatial distribution</subfield>
    </datafield>
    <datafield tag="650" ind1=" " ind2="3">
      <subfield code="a">trees</subfield>
    </datafield>
    <datafield tag="653" ind1=" " ind2="0">
      <subfield code="a">Canopy</subfield>
    </datafield>
    <datafield tag="653" ind1=" " ind2="0">
      <subfield code="a">137Cs</subfield>
    </datafield>
    <datafield tag="653" ind1=" " ind2="0">
      <subfield code="a">Cryptomeria japonica</subfield>
    </datafield>
    <datafield tag="700" ind1="1" ind2=" ">
      <subfield code="a">Saito, Satoshi</subfield>
      <subfield code="e">author</subfield>
      <subfield code="u">Kansai Research Center, Forestry and Forest Products Research Institute,
        Kyoto, 612-0855, Japan</subfield>
    </datafield>
    <datafield tag="700" ind1="1" ind2=" ">
      <subfield code="a">Araki, Masatake G.</subfield>
      <subfield code="e">author</subfield>
      <subfield code="u">Forestry and Forest Products Research Institute, Tsukuba, Ibaraki,
        305-8687, Japan</subfield>
    </datafield>
    <datafield tag="700" ind1="1" ind2=" ">
      <subfield code="a">Kajimoto, Takuya</subfield>
      <subfield code="e">author</subfield>
      <subfield code="u">Tohoku Research Center, Forestry and Forest Products Research Institute,
        Morioka, 020-0123, Japan</subfield>
    </datafield>
    <datafield tag="773" ind1="0" ind2=" ">
      <subfield code="t">Journal of environmental radioactivity.</subfield>
      <subfield code="g">2020 Dec., v. 225 p.106447-</subfield>
      <subfield code="d">Elsevier Ltd</subfield>
      <subfield code="w">Journal:2014</subfield>
      <subfield code="x">0265-931X</subfield>
      <subfield code="7">nnas</subfield>
    </datafield>
    <datafield tag="787" ind1="1" ind2=" ">
      <subfield code="o">islandora_article_repository</subfield>
    </datafield>
    <datafield tag="787" ind1="1" ind2=" ">
      <subfield code="o">product_pubag</subfield>
    </datafield>
    <datafield tag="787" ind1="1" ind2=" ">
      <subfield code="o">(Journal)2014</subfield>
    </datafield>
    <datafield tag="856" ind1="4" ind2="0">
      <subfield code="u">https://dx.doi.org/10.1016/j.jenvrad.2020.106447</subfield>
      <subfield code="3">Available from publisher's site</subfield>
    </datafield>
    <datafield tag="912" ind1=" " ind2=" ">
      <subfield code="a">Article</subfield>
    </datafield>
    <datafield tag="914" ind1=" " ind2=" ">
      <subfield code="a">Journal:2014</subfield>
      <subfield code="b">0265-931X</subfield>
      <subfield code="c">225</subfield>
      <subfield code="e">106447</subfield>
    </datafield>
    <datafield tag="914" ind1=" " ind2=" ">
      <subfield code="f">Journal of environmental radioactivity</subfield>
    </datafield>
    <datafield tag="916" ind1=" " ind2=" ">
      <subfield code="a">Batch:10145</subfield>
    </datafield>
    <datafield tag="917" ind1=" " ind2=" ">
      <subfield code="a">issued</subfield>
    </datafield>
    <datafield tag="918" ind1="2" ind2=" ">
      <subfield code="a">Elsevier Consyn</subfield>
      <subfield code="e">provider</subfield>
      <subfield code="5">DNAL</subfield>
    </datafield>
    <datafield tag="935" ind1=" " ind2=" ">
      <subfield code="a">IND607149451</subfield>
      <subfield code="9">ExL</subfield>
    </datafield>
    <datafield tag="949" ind1=" " ind2=" ">
      <subfield code="a">2021-06-18</subfield>
    </datafield>
    <datafield tag="953" ind1=" " ind2=" ">
      <subfield code="a">/data/metadata/incoming/consyn/129679745361485537-00001-HEAD-ONLY-NEW
        CONSYN ISSNS.ZIP</subfield>
    </datafield>
    <datafield tag="954" ind1=" " ind2=" ">
      <subfield code="a">file:/data/metadata/staging/consyn/S0265931X20306937.xml</subfield>
    </datafield>
    <datafield tag="955" ind1=" " ind2=" ">
      <subfield code="a">/data/metadata/staging/consyn/</subfield>
    </datafield>
    <datafield tag="974" ind1=" " ind2=" ">
      <subfield code="a">agid:7149451</subfield>
    </datafield>
    <datafield tag="983" ind1=" " ind2=" ">
      <subfield code="a">2021-04-08</subfield>
    </datafield>
    <datafield tag="984" ind1=" " ind2=" ">
      <subfield code="a">2021-06-18</subfield>
    </datafield>
  </record>