
  <record>
    <leader>06530nab a2200805 u 4500</leader>
    <controlfield tag="001">9915612632307426</controlfield>
    <controlfield tag="005">20221118221346.0</controlfield>
    <controlfield tag="008">190403e20130715xx |||||o|||||||||||eng||</controlfield>
    <datafield tag="016" ind1="7" ind2=" ">
      <subfield code="a">IND500665585</subfield>
      <subfield code="2">DNAL</subfield>
    </datafield>
    <datafield tag="024" ind1="7" ind2=" ">
      <subfield code="a">10.1016/j.foreco.2012.04.005</subfield>
      <subfield code="2">doi</subfield>
    </datafield>
    <datafield tag="035" ind1=" " ind2=" ">
      <subfield code="a">agid:571203-01nal_inst</subfield>
    </datafield>
    <datafield tag="040" ind1=" " ind2=" ">
      <subfield code="a">AGL</subfield>
      <subfield code="b">eng</subfield>
      <subfield code="c">AGL</subfield>
    </datafield>
    <datafield tag="100" ind1="1" ind2=" ">
      <subfield code="a">Wang, Hui</subfield>
      <subfield code="e">author</subfield>
      <subfield code="u">Key Laboratory of Forest Ecology and Environment, China’s State Forestry
        Administration, Institute of Forest Ecology, Environment and Protection, Chinese Academy of
        Forestry, No. 2 Dongxiaofu, Haidian District, Beijing 100091, China</subfield>
    </datafield>
    <datafield tag="245" ind1="1" ind2="0">
      <subfield code="a">Effects of tree species mixture on soil organic carbon stocks and
        greenhouse gas fluxes in subtropical plantations in China</subfield>
    </datafield>
    <datafield tag="300" ind1=" " ind2=" ">
      <subfield code="a">p. 4-13.</subfield>
    </datafield>
    <datafield tag="500" ind1=" " ind2=" ">
      <subfield code="a">2019-12-06</subfield>
    </datafield>
    <datafield tag="520" ind1=" " ind2=" ">
      <subfield code="a">Indigenous broadleaf plantations are increasingly being developed as a
        prospective silvicultural approach for substituting coniferous plantations in subtropical
        China. Three plantations of monoculture and mixed Pinus massoniana and Castanopsis hystrix
        were selected to examine soil organic carbon (SOC) stocks and temporal and spatial patterns
        of the main greenhouse gases fluxes for understanding the effects of mixed forests on soil
        carbon and nitrogen (N) cycling processes. We found that SOC stock in 0–20cm layer in the
        mixed plantation was 14.3% higher than that in the P. massoniana, and 8.1% higher than that
        in the C. hystrix plantations. Differences in SOC stock among the plantations were
        attributed to soil N stock and leaf litterfall input. Soil CO2 and N2O fluxes in the mixed
        plantation displayed the seasonal trends, while soil CH4 flux did not show the seasonal
        trend. The seasonal variations in soil CO2 and N2O emissions were positively related to soil
        temperature and moisture. Mean soil CO2 and N2O emissions (53.2mgCm−2 h−1 and 5.21μgNm−2h−1,
        respectively) were significantly higher in the mixed plantation than in the P. massoniana
        plantation, while they were lower than in the C. hystrix plantation. Mean soil CH4 uptake
        (38.4μgCm−2h−1) was significantly higher in the mixed plantation than in the C. hystrix
        plantation, while it is similar to that in the P. massoniana plantation. Variations in soil
        CO2 flux among the plantations were influenced by fine root biomass, leaf litterfall mass,
        soil N stock and soil C:N ratio. Differences in soil N2O flux among the plantations could be
        attributed to the differences in soil N stock, soil NO3−−N content and soil C:N ratio. Soil
        respiration rate and soil NO3−−N content could account for variations in soil CH4 flux among
        the plantations. This study confirms that the mixed plantation has a higher SOC stock than
        the monoculture plantations, and there is an increase in amount of GHG absorbed by the soil
        of mixed plantations compared to C. hystrix plantations. Therefore, a mixture of C. hystrix
        versus P. massoniana, could be a better silvicultural approach for SOC sequestration than
        monoculture C. hystrix plantation for substituting P. massoniana plantations in subtropical
        China.</subfield>
    </datafield>
    <datafield tag="592" ind1=" " ind2=" ">
      <subfield code="a">Publisher supplied data</subfield>
    </datafield>
    <datafield tag="593" ind1=" " ind2=" ">
      <subfield code="a">PubAg article</subfield>
    </datafield>
    <datafield tag="650" ind1=" " ind2="3">
      <subfield code="a">Pinus massoniana</subfield>
    </datafield>
    <datafield tag="650" ind1=" " ind2="3">
      <subfield code="a">greenhouse gases</subfield>
    </datafield>
    <datafield tag="650" ind1=" " ind2="3">
      <subfield code="a">plantations</subfield>
    </datafield>
    <datafield tag="650" ind1=" " ind2="3">
      <subfield code="a">soil organic carbon</subfield>
    </datafield>
    <datafield tag="650" ind1=" " ind2="3">
      <subfield code="a">mixed forests</subfield>
    </datafield>
    <datafield tag="650" ind1=" " ind2="3">
      <subfield code="a">nitrogen</subfield>
    </datafield>
    <datafield tag="650" ind1=" " ind2="3">
      <subfield code="a">trees</subfield>
    </datafield>
    <datafield tag="650" ind1=" " ind2="3">
      <subfield code="a">carbon sinks</subfield>
    </datafield>
    <datafield tag="650" ind1=" " ind2="3">
      <subfield code="a">carbon nitrogen ratio</subfield>
    </datafield>
    <datafield tag="650" ind1=" " ind2="3">
      <subfield code="a">forest soils</subfield>
    </datafield>
    <datafield tag="650" ind1=" " ind2="3">
      <subfield code="a">seasonal variation</subfield>
    </datafield>
    <datafield tag="650" ind1=" " ind2="3">
      <subfield code="a">emissions</subfield>
    </datafield>
    <datafield tag="650" ind1=" " ind2="3">
      <subfield code="a">Castanopsis</subfield>
    </datafield>
    <datafield tag="650" ind1=" " ind2="3">
      <subfield code="a">soil respiration</subfield>
    </datafield>
    <datafield tag="650" ind1=" " ind2="3">
      <subfield code="a">biomass</subfield>
    </datafield>
    <datafield tag="650" ind1=" " ind2="3">
      <subfield code="a">soil water</subfield>
    </datafield>
    <datafield tag="650" ind1=" " ind2="3">
      <subfield code="a">roots</subfield>
    </datafield>
    <datafield tag="650" ind1=" " ind2="3">
      <subfield code="a">leaves</subfield>
    </datafield>
    <datafield tag="651" ind1=" " ind2="3">
      <subfield code="a">China</subfield>
    </datafield>
    <datafield tag="653" ind1=" " ind2="0">
      <subfield code="a">Soil carbon</subfield>
    </datafield>
    <datafield tag="653" ind1=" " ind2="0">
      <subfield code="a">carbon</subfield>
    </datafield>
    <datafield tag="653" ind1=" " ind2="0">
      <subfield code="a">Subtropical China</subfield>
    </datafield>
    <datafield tag="653" ind1=" " ind2="0">
      <subfield code="a">Forest conversion</subfield>
    </datafield>
    <datafield tag="653" ind1=" " ind2="0">
      <subfield code="a">Soil−atmosphere trace gas exchanges</subfield>
    </datafield>
    <datafield tag="653" ind1=" " ind2="0">
      <subfield code="a">Mixed plantation</subfield>
    </datafield>
    <datafield tag="700" ind1="1" ind2=" ">
      <subfield code="a">Liu, Shirong</subfield>
      <subfield code="e">author</subfield>
      <subfield code="u">Key Laboratory of Forest Ecology and Environment, China’s State Forestry
        Administration, Institute of Forest Ecology, Environment and Protection, Chinese Academy of
        Forestry, No. 2 Dongxiaofu, Haidian District, Beijing 100091, China</subfield>
    </datafield>
    <datafield tag="700" ind1="1" ind2=" ">
      <subfield code="a">Wang, Jingxin</subfield>
      <subfield code="e">author</subfield>
      <subfield code="u">Division of Forestry and Natural Resources, West Virginia University, P.O.
        Box 6215, Morgantown, WV 26506-6125, USA</subfield>
    </datafield>
    <datafield tag="700" ind1="1" ind2=" ">
      <subfield code="a">Shi, Zuomin</subfield>
      <subfield code="e">author</subfield>
      <subfield code="u">Key Laboratory of Forest Ecology and Environment, China’s State Forestry
        Administration, Institute of Forest Ecology, Environment and Protection, Chinese Academy of
        Forestry, No. 2 Dongxiaofu, Haidian District, Beijing 100091, China</subfield>
    </datafield>
    <datafield tag="700" ind1="1" ind2=" ">
      <subfield code="a">Lu, Lihua</subfield>
      <subfield code="e">author</subfield>
      <subfield code="u">The Experimental Center of Tropical Forestry, Chinese Academy of Forestry,
        Guangxi Youyiguan Forest Ecosystem Research Station, Pingxiang, Guangxi 532600,
        China</subfield>
    </datafield>
    <datafield tag="700" ind1="1" ind2=" ">
      <subfield code="a">Zeng, Ji</subfield>
      <subfield code="e">author</subfield>
      <subfield code="u">The Experimental Center of Tropical Forestry, Chinese Academy of Forestry,
        Guangxi Youyiguan Forest Ecosystem Research Station, Pingxiang, Guangxi 532600,
        China</subfield>
    </datafield>
    <datafield tag="700" ind1="1" ind2=" ">
      <subfield code="a">Ming, Angang</subfield>
      <subfield code="e">author</subfield>
      <subfield code="u">The Experimental Center of Tropical Forestry, Chinese Academy of Forestry,
        Guangxi Youyiguan Forest Ecosystem Research Station, Pingxiang, Guangxi 532600,
        China</subfield>
    </datafield>
    <datafield tag="700" ind1="1" ind2=" ">
      <subfield code="a">Tang, Jixin</subfield>
      <subfield code="e">author</subfield>
      <subfield code="u">The Experimental Center of Tropical Forestry, Chinese Academy of Forestry,
        Guangxi Youyiguan Forest Ecosystem Research Station, Pingxiang, Guangxi 532600,
        China</subfield>
    </datafield>
    <datafield tag="700" ind1="1" ind2=" ">
      <subfield code="a">Yu, Haolong</subfield>
      <subfield code="e">author</subfield>
      <subfield code="u">The Experimental Center of Tropical Forestry, Chinese Academy of Forestry,
        Guangxi Youyiguan Forest Ecosystem Research Station, Pingxiang, Guangxi 532600,
        China</subfield>
    </datafield>
    <datafield tag="773" ind1="0" ind2=" ">
      <subfield code="t">Forest ecology and management.</subfield>
      <subfield code="g">2013 July 15, v. 300 p.4-13</subfield>
      <subfield code="d">Elsevier B.V.</subfield>
      <subfield code="w">Journal:jnl9013</subfield>
      <subfield code="x">0378-1127</subfield>
      <subfield code="7">nnas</subfield>
    </datafield>
    <datafield tag="787" ind1="1" ind2=" ">
      <subfield code="o">islandora_article_repository</subfield>
    </datafield>
    <datafield tag="787" ind1="1" ind2=" ">
      <subfield code="o">product_pubag</subfield>
    </datafield>
    <datafield tag="787" ind1="1" ind2=" ">
      <subfield code="o">(Journal)jnl9013</subfield>
    </datafield>
    <datafield tag="856" ind1="4" ind2="0">
      <subfield code="u">https://dx.doi.org/10.1016/j.foreco.2012.04.005</subfield>
      <subfield code="3">Available from publisher's site</subfield>
    </datafield>
    <datafield tag="912" ind1=" " ind2=" ">
      <subfield code="a">Article</subfield>
    </datafield>
    <datafield tag="914" ind1=" " ind2=" ">
      <subfield code="a">Journal:jnl9013</subfield>
      <subfield code="b">0378-1127</subfield>
      <subfield code="c">300</subfield>
      <subfield code="e">4</subfield>
    </datafield>
    <datafield tag="914" ind1=" " ind2=" ">
      <subfield code="f">Forest ecology and management</subfield>
    </datafield>
    <datafield tag="917" ind1=" " ind2=" ">
      <subfield code="a">issued</subfield>
    </datafield>
    <datafield tag="918" ind1="2" ind2=" ">
      <subfield code="a">Elsevier Consyn</subfield>
      <subfield code="e">provider</subfield>
      <subfield code="5">DNAL</subfield>
    </datafield>
    <datafield tag="935" ind1=" " ind2=" ">
      <subfield code="a">IND500665585</subfield>
      <subfield code="9">ExL</subfield>
    </datafield>
    <datafield tag="949" ind1=" " ind2=" ">
      <subfield code="a">2019-04-03</subfield>
    </datafield>
    <datafield tag="953" ind1=" " ind2=" ">
      <subfield code="a"
        >/data/metadata/incoming/consyn-backfiles/46-2-00064-HEAD-ONLY.zip</subfield>
    </datafield>
    <datafield tag="954" ind1=" " ind2=" ">
      <subfield code="a"
        >file:/data/metadata/staging/consyn-backfiles/S0378112712002137.xml</subfield>
    </datafield>
    <datafield tag="955" ind1=" " ind2=" ">
      <subfield code="a">/data/metadata/staging/consyn-backfiles/</subfield>
    </datafield>
    <datafield tag="974" ind1=" " ind2=" ">
      <subfield code="a">agid:571203</subfield>
    </datafield>
    <datafield tag="983" ind1=" " ind2=" ">
      <subfield code="a">2019-04-03</subfield>
    </datafield>
    <datafield tag="984" ind1=" " ind2=" ">
      <subfield code="a">2019-04-03</subfield>
    </datafield>
  </record>