
  <record>
    <leader>05782nab a2200649 u 4500</leader>
    <controlfield tag="001">9915612760407426</controlfield>
    <controlfield tag="005">20221118222041.0</controlfield>
    <controlfield tag="008">221004e202210 xx |||||o|||||||||||eng||</controlfield>
    <datafield tag="016" ind1="7" ind2=" ">
      <subfield code="a">IND607945947</subfield>
      <subfield code="2">DNAL</subfield>
    </datafield>
    <datafield tag="024" ind1="7" ind2=" ">
      <subfield code="a">10.1016/j.jhydrol.2022.128464</subfield>
      <subfield code="2">doi</subfield>
    </datafield>
    <datafield tag="035" ind1=" " ind2=" ">
      <subfield code="a">agid:7945947-01nal_inst</subfield>
    </datafield>
    <datafield tag="040" ind1=" " ind2=" ">
      <subfield code="a">AGL</subfield>
      <subfield code="b">eng</subfield>
      <subfield code="c">AGL</subfield>
    </datafield>
    <datafield tag="100" ind1="1" ind2=" ">
      <subfield code="a">Wang, Yongheng</subfield>
      <subfield code="e">author</subfield>
      <subfield code="u">CAS Key Laboratory of Forest Ecology and Management, Institute of Applied
        Ecology, Chinese Academy of Sciences, Shenyang 110016, China</subfield>
    </datafield>
    <datafield tag="245" ind1="1" ind2="0">
      <subfield code="a">Spatial characteristics and driving factors of urban flooding in Chinese
        megacities</subfield>
    </datafield>
    <datafield tag="520" ind1=" " ind2=" ">
      <subfield code="a">Changes in hydrological processes caused by rapid urbanization lead to the
        growing incidence of urban flooding, which is a major challenge to urban sustainability.
        Urban floods have seriously threatened the natural environment and human life. Understanding
        the spatial patterns and influencing factors of urban flooding has important implications
        for mitigating urban flood hazards. Previous studies have demonstrated the impact of natural
        and human factors on urban flooding, but a comprehensive understanding of the mechanisms of
        urban flooding requires appropriate scales and evidence from multiple cities. In this study,
        1201 flood records from 2015 to 2020 in 9 megacities (including Beijing, Tianjin, Shanghai,
        Xi’an, Nanjing, Wuhan, Guangzhou, Shenzhen, Shenyang) in China were used to investigate the
        spatial characteristics and driving factors of urban flooding. A combination of multiple
        stepwise regression and boosted regression tree (BRT) models was used to reveal the flood
        driving mechanism in megacities. The results indicated that flood events in 9 cities
        presented an aggregation effect, but the spatial characteristics and kernel density were
        different between coastal and inland cities. At all scales (1 km, 3 km, 5 km), physical
        geomorphic features (2D and 3D landscapes) have a high contribution to urban flooding,
        especially patch density, density of buildings and building shape coefficients. The relative
        contributions of the 2D and 3D landscape pattern factors increased by 43.8 % and 36.2 % as
        the grid scale increased from 1 km to 5 km, respectively. However, the relative
        contributions of topography, meteorology and drainage capacity factors decreased by 47.6 %,
        39.0 % and 33.2 %, respectively. At a large scale (5 km), the correlation of driving factors
        for urban flooding was stronger, and the dominant factors were more obvious. At a small
        scale (1 km), the contribution of driving factors is relatively average. The scale effect
        significantly affects urban flooding. which suggests that an appropriate scale can more
        accurately capture the dominant drivers of urban flooding. Therefore, a novel method that
        integrates the stepwise regression model and BRT model were presented to quantify the
        complex relationship between urban flooding and driving factors under various analysis
        scales. The methods and results proposed by our study provided important insights and
        perspectives for urban flood risk mitigation and urban planning through multiscale analysis
        of flood driving mechanisms.</subfield>
    </datafield>
    <datafield tag="592" ind1=" " ind2=" ">
      <subfield code="a">Publisher supplied data</subfield>
    </datafield>
    <datafield tag="593" ind1=" " ind2=" ">
      <subfield code="a">PubAg article</subfield>
    </datafield>
    <datafield tag="650" ind1=" " ind2="3">
      <subfield code="a">drainage</subfield>
    </datafield>
    <datafield tag="650" ind1=" " ind2="3">
      <subfield code="a">humans</subfield>
    </datafield>
    <datafield tag="650" ind1=" " ind2="3">
      <subfield code="a">landscapes</subfield>
    </datafield>
    <datafield tag="650" ind1=" " ind2="3">
      <subfield code="a">meteorology</subfield>
    </datafield>
    <datafield tag="650" ind1=" " ind2="3">
      <subfield code="a">models</subfield>
    </datafield>
    <datafield tag="650" ind1=" " ind2="3">
      <subfield code="a">regression analysis</subfield>
    </datafield>
    <datafield tag="650" ind1=" " ind2="3">
      <subfield code="a">risk reduction</subfield>
    </datafield>
    <datafield tag="650" ind1=" " ind2="3">
      <subfield code="a">topography</subfield>
    </datafield>
    <datafield tag="650" ind1=" " ind2="3">
      <subfield code="a">urbanization</subfield>
    </datafield>
    <datafield tag="651" ind1=" " ind2="3">
      <subfield code="a">China</subfield>
    </datafield>
    <datafield tag="653" ind1=" " ind2="0">
      <subfield code="a">Urban flooding</subfield>
    </datafield>
    <datafield tag="653" ind1=" " ind2="0">
      <subfield code="a">3-dimensional expansion</subfield>
    </datafield>
    <datafield tag="653" ind1=" " ind2="0">
      <subfield code="a">Spatial pattern</subfield>
    </datafield>
    <datafield tag="653" ind1=" " ind2="0">
      <subfield code="a">Multiple scales</subfield>
    </datafield>
    <datafield tag="700" ind1="1" ind2=" ">
      <subfield code="a">Li, Chunlin</subfield>
      <subfield code="e">author</subfield>
      <subfield code="u">CAS Key Laboratory of Forest Ecology and Management, Institute of Applied
        Ecology, Chinese Academy of Sciences, Shenyang 110016, China</subfield>
    </datafield>
    <datafield tag="700" ind1="1" ind2=" ">
      <subfield code="a">Liu, Miao</subfield>
      <subfield code="e">author</subfield>
      <subfield code="u">CAS Key Laboratory of Forest Ecology and Management, Institute of Applied
        Ecology, Chinese Academy of Sciences, Shenyang 110016, China</subfield>
    </datafield>
    <datafield tag="700" ind1="1" ind2=" ">
      <subfield code="a">Cui, Qian</subfield>
      <subfield code="e">author</subfield>
      <subfield code="u">Information Center (Hydrology Monitor and Forecast Center), Ministry of
        Water Resources, Beijing 100053, China</subfield>
    </datafield>
    <datafield tag="700" ind1="1" ind2=" ">
      <subfield code="a">Wang, Hao</subfield>
      <subfield code="e">author</subfield>
      <subfield code="u">Piesat Information Technology Company Limited, Beijing 100195,
        China</subfield>
    </datafield>
    <datafield tag="700" ind1="1" ind2=" ">
      <subfield code="a">LV, Jianshu</subfield>
      <subfield code="e">author</subfield>
      <subfield code="u">College of Geography and Environment, Shandong Normal University, Jinan
        250358, China</subfield>
    </datafield>
    <datafield tag="700" ind1="1" ind2=" ">
      <subfield code="a">Li, Binglun</subfield>
      <subfield code="e">author</subfield>
      <subfield code="u">CAS Key Laboratory of Forest Ecology and Management, Institute of Applied
        Ecology, Chinese Academy of Sciences, Shenyang 110016, China</subfield>
    </datafield>
    <datafield tag="700" ind1="1" ind2=" ">
      <subfield code="a">Xiong, Zaiping</subfield>
      <subfield code="e">author</subfield>
      <subfield code="u">CAS Key Laboratory of Forest Ecology and Management, Institute of Applied
        Ecology, Chinese Academy of Sciences, Shenyang 110016, China</subfield>
    </datafield>
    <datafield tag="700" ind1="1" ind2=" ">
      <subfield code="a">Hu, Yuanman</subfield>
      <subfield code="e">author</subfield>
      <subfield code="u">CAS Key Laboratory of Forest Ecology and Management, Institute of Applied
        Ecology, Chinese Academy of Sciences, Shenyang 110016, China</subfield>
    </datafield>
    <datafield tag="773" ind1="0" ind2=" ">
      <subfield code="t">Journal of hydrology.</subfield>
      <subfield code="g">2022 Oct., v. 613 p.128464-</subfield>
      <subfield code="d">Elsevier B.V.</subfield>
      <subfield code="w">Journal:jnl46539</subfield>
      <subfield code="x">0022-1694</subfield>
      <subfield code="7">nnas</subfield>
    </datafield>
    <datafield tag="787" ind1="1" ind2=" ">
      <subfield code="o">islandora_article_repository</subfield>
    </datafield>
    <datafield tag="787" ind1="1" ind2=" ">
      <subfield code="o">product_pubag</subfield>
    </datafield>
    <datafield tag="787" ind1="1" ind2=" ">
      <subfield code="o">(Journal)jnl46539</subfield>
    </datafield>
    <datafield tag="856" ind1="4" ind2="0">
      <subfield code="u">https://dx.doi.org/10.1016/j.jhydrol.2022.128464</subfield>
      <subfield code="3">Available from publisher's site</subfield>
    </datafield>
    <datafield tag="912" ind1=" " ind2=" ">
      <subfield code="a">Article</subfield>
    </datafield>
    <datafield tag="914" ind1=" " ind2=" ">
      <subfield code="a">Journal:jnl46539</subfield>
      <subfield code="b">0022-1694</subfield>
      <subfield code="e">128464</subfield>
    </datafield>
    <datafield tag="914" ind1=" " ind2=" ">
      <subfield code="f">Journal of hydrology</subfield>
    </datafield>
    <datafield tag="917" ind1=" " ind2=" ">
      <subfield code="a">issued</subfield>
    </datafield>
    <datafield tag="918" ind1="2" ind2=" ">
      <subfield code="a">Elsevier Consyn</subfield>
      <subfield code="e">provider</subfield>
      <subfield code="5">DNAL</subfield>
    </datafield>
    <datafield tag="935" ind1=" " ind2=" ">
      <subfield code="a">IND607945947</subfield>
      <subfield code="9">ExL</subfield>
    </datafield>
    <datafield tag="949" ind1=" " ind2=" ">
      <subfield code="a">2022-09-26</subfield>
    </datafield>
    <datafield tag="953" ind1=" " ind2=" ">
      <subfield code="a">/data/metadata/incoming/consyn/222649319265401329-00001-HEAD-ONLY-NEW
        CONSYN ISSNS.ZIP</subfield>
    </datafield>
    <datafield tag="954" ind1=" " ind2=" ">
      <subfield code="a">file:/data/metadata/staging/consyn/S0022169422010344.xml</subfield>
    </datafield>
    <datafield tag="955" ind1=" " ind2=" ">
      <subfield code="a">/data/metadata/staging/consyn/</subfield>
    </datafield>
    <datafield tag="974" ind1=" " ind2=" ">
      <subfield code="a">agid:7945947</subfield>
    </datafield>
    <datafield tag="983" ind1=" " ind2=" ">
      <subfield code="a">2022-10-04</subfield>
    </datafield>
    <datafield tag="984" ind1=" " ind2=" ">
      <subfield code="a">2022-10-04</subfield>
    </datafield>
  </record>