
  <record>
    <leader>04307nab a2200637 u 4500</leader>
    <controlfield tag="001">9915613025807426</controlfield>
    <controlfield tag="005">20221118221612.0</controlfield>
    <controlfield tag="008">210114e20201217xx |||||o|||||||||||eng||</controlfield>
    <datafield tag="016" ind1="7" ind2=" ">
      <subfield code="a">IND607235655</subfield>
      <subfield code="2">DNAL</subfield>
    </datafield>
    <datafield tag="024" ind1="7" ind2=" ">
      <subfield code="a">10.3897/neotropical.15.e59000</subfield>
      <subfield code="2">doi</subfield>
    </datafield>
    <datafield tag="035" ind1=" " ind2=" ">
      <subfield code="a">agid:7235655-01nal_inst</subfield>
    </datafield>
    <datafield tag="040" ind1=" " ind2=" ">
      <subfield code="a">AGL</subfield>
      <subfield code="b">eng</subfield>
      <subfield code="c">AGL</subfield>
    </datafield>
    <datafield tag="100" ind1="1" ind2=" ">
      <subfield code="a">Foerster, Stênio Ítalo Araújo</subfield>
      <subfield code="e">author</subfield>
      <subfield code="u">Department of Zoology, Institute of Ecology and Earth Sciences, University
        of Tartu, Tartu, Estonia</subfield>
    </datafield>
    <datafield tag="245" ind1="1" ind2="0">
      <subfield code="a">Vegetation structure as the main source of variability in scorpion
        assemblages at small spatial scales and further considerations for the conservation of
        Caatinga landscapes</subfield>
    </datafield>
    <datafield tag="300" ind1=" " ind2=" ">
      <subfield code="a">p. 533-550.</subfield>
    </datafield>
    <datafield tag="500" ind1=" " ind2=" ">
      <subfield code="a">NAL-AP-2-clean</subfield>
    </datafield>
    <datafield tag="520" ind1=" " ind2=" ">
      <subfield code="a">Even at the local scale, environmental changes due of anthropogenic actions
        represent a source of disturbance in terrestrial ecosystems, forcing species to respond
        according to their ecological plasticity. Thus, stenotopic species and those with
        low-dispersal ability will likely be negatively affected by landscape modifications that
        reduce environmental complexity. In this study, we identify and quantify the effects of
        biotic and abiotic factors related to habitat complexity on the variation in scorpion
        assemblages in terms of both species’ richness, abundance and composition across 18
        transects covering Caatinga landscapes with different levels of degradation. Using
        ultraviolet flashlights, we sampled 269 scorpions, belonging to six species and two
        families. The results showed contrasting patterns of species richness and abundance that
        depend on the level of habitat complexity. More specifically, we reported that scorpion
        species richness could be predicted by the number of trees, while the coefficient of
        variation of the diameter at breast height of trees (cvDBH) is a predictor of scorpion
        abundance. These findings suggest that vegetation structure is deterministic for the
        maintenance of scorpion assemblages in Caatinga landscapes. In addition, the cvDBH and tree
        number may explain 39% and 40% of the variability observed amongst scorpion assemblages in
        terms of richness difference and species composition, respectively. This study provides
        insights concerning the development of conservation strategies, clarifying the role of
        habitat complexity for the preservation of low-dispersal animals in neglected environments,
        such as those within the Caatinga domain.</subfield>
    </datafield>
    <datafield tag="592" ind1=" " ind2=" ">
      <subfield code="a">Publisher supplied data</subfield>
    </datafield>
    <datafield tag="593" ind1=" " ind2=" ">
      <subfield code="a">PubAg article</subfield>
    </datafield>
    <datafield tag="650" ind1=" " ind2="3">
      <subfield code="a">Neotropics</subfield>
    </datafield>
    <datafield tag="650" ind1=" " ind2="3">
      <subfield code="a">Scorpiones</subfield>
    </datafield>
    <datafield tag="650" ind1=" " ind2="3">
      <subfield code="a">caatinga</subfield>
    </datafield>
    <datafield tag="650" ind1=" " ind2="3">
      <subfield code="a">habitats</subfield>
    </datafield>
    <datafield tag="650" ind1=" " ind2="3">
      <subfield code="a">landscapes</subfield>
    </datafield>
    <datafield tag="650" ind1=" " ind2="3">
      <subfield code="a">plasticity</subfield>
    </datafield>
    <datafield tag="650" ind1=" " ind2="3">
      <subfield code="a">species richness</subfield>
    </datafield>
    <datafield tag="650" ind1=" " ind2="3">
      <subfield code="a">stenotopic species</subfield>
    </datafield>
    <datafield tag="650" ind1=" " ind2="3">
      <subfield code="a">tree and stand measurements</subfield>
    </datafield>
    <datafield tag="650" ind1=" " ind2="3">
      <subfield code="a">trees</subfield>
    </datafield>
    <datafield tag="650" ind1=" " ind2="3">
      <subfield code="a">vegetation structure</subfield>
    </datafield>
    <datafield tag="653" ind1=" " ind2="0">
      <subfield code="a">Biodiversity</subfield>
    </datafield>
    <datafield tag="653" ind1=" " ind2="0">
      <subfield code="a">environmental changes</subfield>
    </datafield>
    <datafield tag="653" ind1=" " ind2="0">
      <subfield code="a">habitat complexity</subfield>
    </datafield>
    <datafield tag="653" ind1=" " ind2="0">
      <subfield code="a">macroecology</subfield>
    </datafield>
    <datafield tag="653" ind1=" " ind2="0">
      <subfield code="a">SDTF</subfield>
    </datafield>
    <datafield tag="700" ind1="1" ind2=" ">
      <subfield code="a">Lira, André Felipe de Araújo</subfield>
      <subfield code="e">author</subfield>
      <subfield code="u">Universidade Federal Rural de Pernambuco (Departamento de Morfologia e
        Fisiologia Animal), Rua Dom Manoel de Medeiros, s/n, Dois Irmãos, CEP 52171-900, Recife,
        Brazil</subfield>
    </datafield>
    <datafield tag="700" ind1="1" ind2=" ">
      <subfield code="a">Almeida, Cauê Guion de</subfield>
      <subfield code="e">author</subfield>
      <subfield code="u">Universidade Federal Rural de Pernambuco, Unidade Acadêmica de Serra
        Talhada, Avenida Gregório Ferraz Nogueira, s/n, José Tomé de Souza Ramos, CEP 56909-535,
        Serra Talhada, Brazil</subfield>
    </datafield>
    <datafield tag="773" ind1="0" ind2=" ">
      <subfield code="t">Neotropical Biology and Conservation.</subfield>
      <subfield code="g">2020 Dec. 17, v. 15, no. 4 p.533-550</subfield>
      <subfield code="d">Pensoft Publishers</subfield>
      <subfield code="w">Journal:27346</subfield>
      <subfield code="x">2236-3777</subfield>
      <subfield code="7">nnas</subfield>
    </datafield>
    <datafield tag="787" ind1="1" ind2=" ">
      <subfield code="o">islandora_article_repository</subfield>
    </datafield>
    <datafield tag="787" ind1="1" ind2=" ">
      <subfield code="o">product_pubag</subfield>
    </datafield>
    <datafield tag="787" ind1="1" ind2=" ">
      <subfield code="o">(Journal)27346</subfield>
    </datafield>
    <datafield tag="856" ind1="4" ind2="0">
      <subfield code="u">http://dx.doi.org/10.3897/neotropical.15.e59000</subfield>
      <subfield code="3">Available from publisher's site</subfield>
    </datafield>
    <datafield tag="912" ind1=" " ind2=" ">
      <subfield code="a">Article</subfield>
    </datafield>
    <datafield tag="914" ind1=" " ind2=" ">
      <subfield code="a">Journal:27346</subfield>
      <subfield code="b">2236-3777</subfield>
      <subfield code="c">15</subfield>
      <subfield code="d">4</subfield>
      <subfield code="e">533</subfield>
    </datafield>
    <datafield tag="914" ind1=" " ind2=" ">
      <subfield code="f">NBC</subfield>
    </datafield>
    <datafield tag="916" ind1=" " ind2=" ">
      <subfield code="a">Batch:10091</subfield>
    </datafield>
    <datafield tag="917" ind1=" " ind2=" ">
      <subfield code="a">issued</subfield>
    </datafield>
    <datafield tag="918" ind1="2" ind2=" ">
      <subfield code="a">Pensoft Publishers</subfield>
      <subfield code="e">provider</subfield>
      <subfield code="5">DNAL</subfield>
    </datafield>
    <datafield tag="935" ind1=" " ind2=" ">
      <subfield code="a">IND607235655</subfield>
      <subfield code="9">ExL</subfield>
    </datafield>
    <datafield tag="949" ind1=" " ind2=" ">
      <subfield code="a">2021-04-18</subfield>
    </datafield>
    <datafield tag="953" ind1=" " ind2=" ">
      <subfield code="a">/data/metadata/incoming/pensoft/neotropical-15-533.xml</subfield>
    </datafield>
    <datafield tag="954" ind1=" " ind2=" ">
      <subfield code="a">file:/data/metadata/staging/pensoft/neotropical-15-533.xml</subfield>
    </datafield>
    <datafield tag="955" ind1=" " ind2=" ">
      <subfield code="a">/data/metadata/staging/pensoft/</subfield>
    </datafield>
    <datafield tag="974" ind1=" " ind2=" ">
      <subfield code="a">agid:7235655</subfield>
    </datafield>
    <datafield tag="983" ind1=" " ind2=" ">
      <subfield code="a">2021-01-14</subfield>
    </datafield>
    <datafield tag="984" ind1=" " ind2=" ">
      <subfield code="a">2021-04-18</subfield>
    </datafield>
  </record>