
  <record>
    <leader>04956nab a2200685 u 4500</leader>
    <controlfield tag="001">9915613936107426</controlfield>
    <controlfield tag="005">20221118222714.0</controlfield>
    <controlfield tag="008">191112e20191024xx |||||o|||||||||||eng||</controlfield>
    <datafield tag="016" ind1="7" ind2=" ">
      <subfield code="a">IND606759311</subfield>
      <subfield code="2">DNAL</subfield>
    </datafield>
    <datafield tag="024" ind1="7" ind2=" ">
      <subfield code="a">10.3390/rs11212492</subfield>
      <subfield code="2">doi</subfield>
    </datafield>
    <datafield tag="035" ind1=" " ind2=" ">
      <subfield code="a">agid:6759311-01nal_inst</subfield>
    </datafield>
    <datafield tag="040" ind1=" " ind2=" ">
      <subfield code="a">AGL</subfield>
      <subfield code="b">eng</subfield>
      <subfield code="c">AGL</subfield>
    </datafield>
    <datafield tag="100" ind1="1" ind2=" ">
      <subfield code="a">Peng, Bo </subfield>
      <subfield code="e">author</subfield>
    </datafield>
    <datafield tag="245" ind1="1" ind2="0">
      <subfield code="a">Patch Similarity Convolutional Neural Network for Urban Flood Extent
        Mapping Using Bi-Temporal Satellite Multispectral Imagery</subfield>
    </datafield>
    <datafield tag="520" ind1=" " ind2=" ">
      <subfield code="a">Urban flooding is a major natural disaster that poses a serious threat to
        the urban environment. It is highly demanded that the flood extent can be mapped in near
        real-time for disaster rescue and relief missions, reconstruction efforts, and financial
        loss evaluation. Many efforts have been taken to identify the flooding zones with remote
        sensing data and image processing techniques. Unfortunately, the near real-time production
        of accurate flood maps over impacted urban areas has not been well investigated due to three
        major issues. (1) Satellite imagery with high spatial resolution over urban areas usually
        has nonhomogeneous background due to different types of objects such as buildings, moving
        vehicles, and road networks. As such, classical machine learning approaches hardly can model
        the spatial relationship between sample pixels in the flooding area. (2) Handcrafted
        features associated with the data are usually required as input for conventional flood
        mapping models, which may not be able to fully utilize the underlying patterns of a large
        number of available data. (3) High-resolution optical imagery often has varied pixel digital
        numbers (DNs) for the same ground objects as a result of highly inconsistent illumination
        conditions during a flood. Accordingly, traditional methods of flood mapping have major
        limitations in generalization based on testing data. To address the aforementioned issues in
        urban flood mapping, we developed a patch similarity convolutional neural network (PSNet)
        using satellite multispectral surface reflectance imagery before and after flooding with a
        spatial resolution of 3 meters. We used spectral reflectance instead of raw pixel DNs so
        that the influence of inconsistent illumination caused by varied weather conditions at the
        time of data collection can be greatly reduced. Such consistent spectral reflectance data
        also enhance the generalization capability of the proposed model. Experiments on the high
        resolution imagery before and after the urban flooding events (i.e., the 2017 Hurricane
        Harvey and the 2018 Hurricane Florence) showed that the developed PSNet can produce urban
        flood maps with consistently high precision, recall, F1 score, and overall accuracy compared
        with baseline classification models including support vector machine, decision tree, random
        forest, and AdaBoost, which were often poor in either precision or recall. The study paves
        the way to fuse bi-temporal remote sensing images for near real-time precision damage
        mapping associated with other types of natural hazards (e.g., wildfires and
        earthquakes).</subfield>
    </datafield>
    <datafield tag="592" ind1=" " ind2=" ">
      <subfield code="a">Publisher supplied data</subfield>
    </datafield>
    <datafield tag="593" ind1=" " ind2=" ">
      <subfield code="a">PubAg article</subfield>
    </datafield>
    <datafield tag="650" ind1=" " ind2="3">
      <subfield code="a">buildings</subfield>
    </datafield>
    <datafield tag="650" ind1=" " ind2="3">
      <subfield code="a">data collection</subfield>
    </datafield>
    <datafield tag="650" ind1=" " ind2="3">
      <subfield code="a">decision support systems</subfield>
    </datafield>
    <datafield tag="650" ind1=" " ind2="3">
      <subfield code="a">earthquakes</subfield>
    </datafield>
    <datafield tag="650" ind1=" " ind2="3">
      <subfield code="a">financial economics</subfield>
    </datafield>
    <datafield tag="650" ind1=" " ind2="3">
      <subfield code="a">floods</subfield>
    </datafield>
    <datafield tag="650" ind1=" " ind2="3">
      <subfield code="a">hurricanes</subfield>
    </datafield>
    <datafield tag="650" ind1=" " ind2="3">
      <subfield code="a">image analysis</subfield>
    </datafield>
    <datafield tag="650" ind1=" " ind2="3">
      <subfield code="a">lighting</subfield>
    </datafield>
    <datafield tag="650" ind1=" " ind2="3">
      <subfield code="a">models</subfield>
    </datafield>
    <datafield tag="650" ind1=" " ind2="3">
      <subfield code="a">multispectral imagery</subfield>
    </datafield>
    <datafield tag="650" ind1=" " ind2="3">
      <subfield code="a">reflectance</subfield>
    </datafield>
    <datafield tag="650" ind1=" " ind2="3">
      <subfield code="a">remote sensing</subfield>
    </datafield>
    <datafield tag="650" ind1=" " ind2="3">
      <subfield code="a">roads</subfield>
    </datafield>
    <datafield tag="650" ind1=" " ind2="3">
      <subfield code="a">satellites</subfield>
    </datafield>
    <datafield tag="650" ind1=" " ind2="3">
      <subfield code="a">spatial data</subfield>
    </datafield>
    <datafield tag="650" ind1=" " ind2="3">
      <subfield code="a">support vector machines</subfield>
    </datafield>
    <datafield tag="650" ind1=" " ind2="3">
      <subfield code="a">urban areas</subfield>
    </datafield>
    <datafield tag="650" ind1=" " ind2="3">
      <subfield code="a">wildfires</subfield>
    </datafield>
    <datafield tag="700" ind1="1" ind2=" ">
      <subfield code="a">Meng, Zonglin </subfield>
      <subfield code="e">author</subfield>
    </datafield>
    <datafield tag="700" ind1="1" ind2=" ">
      <subfield code="a">Huang, Qunying </subfield>
      <subfield code="e">author</subfield>
      <subfield code="u">Department of Geography, University of Wisconsin—Madison, Madison, WI
        53706, USA. qhuang46@wisc.edu</subfield>
    </datafield>
    <datafield tag="700" ind1="1" ind2=" ">
      <subfield code="a">Wang, Caixia </subfield>
      <subfield code="e">author</subfield>
    </datafield>
    <datafield tag="773" ind1="0" ind2=" ">
      <subfield code="t">Remote Sensing.</subfield>
      <subfield code="g">2019 Oct. 24, v. 11, no. 21</subfield>
      <subfield code="d">Multidisciplinary Digital Publishing Institute</subfield>
      <subfield code="w">Journal:26717</subfield>
      <subfield code="x">2072-4292</subfield>
      <subfield code="7">nnas</subfield>
    </datafield>
    <datafield tag="787" ind1="1" ind2=" ">
      <subfield code="o">islandora_article_repository</subfield>
    </datafield>
    <datafield tag="787" ind1="1" ind2=" ">
      <subfield code="o">product_pubag</subfield>
    </datafield>
    <datafield tag="787" ind1="1" ind2=" ">
      <subfield code="o">(Journal)26717</subfield>
    </datafield>
    <datafield tag="856" ind1="4" ind2="0">
      <subfield code="u">http://dx.doi.org/10.3390/rs11212492</subfield>
      <subfield code="3">Available from publisher's site</subfield>
    </datafield>
    <datafield tag="912" ind1=" " ind2=" ">
      <subfield code="a">Article</subfield>
    </datafield>
    <datafield tag="914" ind1=" " ind2=" ">
      <subfield code="a">Journal:26717</subfield>
      <subfield code="b">2072-4292</subfield>
      <subfield code="c">11</subfield>
      <subfield code="d">21</subfield>
    </datafield>
    <datafield tag="914" ind1=" " ind2=" ">
      <subfield code="f">Remote Sensing</subfield>
    </datafield>
    <datafield tag="916" ind1=" " ind2=" ">
      <subfield code="a">Batch:2552</subfield>
    </datafield>
    <datafield tag="916" ind1=" " ind2=" ">
      <subfield code="a">Batch:2555</subfield>
    </datafield>
    <datafield tag="917" ind1=" " ind2=" ">
      <subfield code="a">issued</subfield>
    </datafield>
    <datafield tag="918" ind1="2" ind2=" ">
      <subfield code="a">Multidisciplinary Digital Publishing Institute</subfield>
      <subfield code="e">provider</subfield>
      <subfield code="5">DNAL</subfield>
    </datafield>
    <datafield tag="935" ind1=" " ind2=" ">
      <subfield code="a">IND606759311</subfield>
      <subfield code="9">ExL</subfield>
    </datafield>
    <datafield tag="949" ind1=" " ind2=" ">
      <subfield code="a">2020-09-04</subfield>
    </datafield>
    <datafield tag="953" ind1=" " ind2=" ">
      <subfield code="a"
        >/data/metadata/incoming/mdpinstitute/remotesensing-v11-i21-20191112.xml</subfield>
    </datafield>
    <datafield tag="954" ind1=" " ind2=" ">
      <subfield code="a"
        >file:/data/metadata/staging/mdpinstitute/remotesensing-v11-i21-20191112.xml</subfield>
    </datafield>
    <datafield tag="955" ind1=" " ind2=" ">
      <subfield code="a">/data/metadata/staging/mdpinstitute/</subfield>
    </datafield>
    <datafield tag="962" ind1=" " ind2=" ">
      <subfield code="a">Batch:2555 reviewed on 2020-09-04T10:00:07Z</subfield>
    </datafield>
    <datafield tag="974" ind1=" " ind2=" ">
      <subfield code="a">agid:6759311</subfield>
    </datafield>
    <datafield tag="983" ind1=" " ind2=" ">
      <subfield code="a">2019-11-12</subfield>
    </datafield>
    <datafield tag="984" ind1=" " ind2=" ">
      <subfield code="a">2020-09-04</subfield>
    </datafield>
  </record>