
  <record>
    <leader>04547nab a2200613 u 4500</leader>
    <controlfield tag="001">9915615856507426</controlfield>
    <controlfield tag="005">20221118235036.0</controlfield>
    <controlfield tag="008">210712e201603 xx |||||o|||||||||||eng||</controlfield>
    <datafield tag="016" ind1="7" ind2=" ">
      <subfield code="a">IND605149169</subfield>
      <subfield code="2">DNAL</subfield>
    </datafield>
    <datafield tag="024" ind1="7" ind2=" ">
      <subfield code="a">10.1007/s12665-016-5326-x</subfield>
      <subfield code="2">doi</subfield>
    </datafield>
    <datafield tag="035" ind1=" " ind2=" ">
      <subfield code="a">agid:5149169-01nal_inst</subfield>
    </datafield>
    <datafield tag="040" ind1=" " ind2=" ">
      <subfield code="a">AGL</subfield>
      <subfield code="b">eng</subfield>
      <subfield code="c">AGL</subfield>
    </datafield>
    <datafield tag="100" ind1="1" ind2=" ">
      <subfield code="a">Saadatkhah, Nader</subfield>
      <subfield code="e">author</subfield>
      <subfield code="u">Department of Civil Engineering, Faculty of Engineering, Geospatial
        Information Science Research Center (GISRC), University Putra Malaysia, 43400, Serdang,
        Selangor, Malaysia. nader_khah@upm.edu.my</subfield>
    </datafield>
    <datafield tag="245" ind1="1" ind2="0">
      <subfield code="a">Regional modeling of rainfall-induced landslides using TRIGRS model by
        incorporating plant cover effects: case study in Hulu Kelang, Malaysia</subfield>
    </datafield>
    <datafield tag="300" ind1=" " ind2=" ">
      <subfield code="a">p. 445.</subfield>
    </datafield>
    <datafield tag="520" ind1=" " ind2=" ">
      <subfield code="a">The objective of this paper is to develop a spatial temporal regional
        modeling of local rainfall patterns effect on the plant cover slopes in Hulu Kelang area.
        Rainfall interception, tree root cohesion, and tree surcharge were considered as main plant
        cover effects on the slope stability. In this regard, an improved version of the Transient
        Rainfall Infiltration and Grid-based Regional Slope stability model (TRIGRS) was performed
        using Microsoft Excel® and GIS framework system for coupled hydrological–mechanical modeling
        of rainfall-induced landslide by incorporating plant cover effects. The infiltration process
        of the improved model was integrated with the precipitation distribution method and rainfall
        interception approach while the slope stability analysis of TRIGRS model was replaced with
        the improved analysis with consideration of root cohesion and tree surcharge. In the
        following, the spatial temporal analysis of slope failures was performed using the monthly
        average rainfall during two different monsoon seasons of 2008 and 2009 for triggering
        shallow slope failure in Hulu Kelang area. The corresponding changes in pressure head and
        consequent water table depth were calculated during two monsoon seasons. Subsequently,
        factor of safety is computed using local rainfall patterns, along with root coefficient and
        tree surcharge in the study area. The results showed the plant-covered slopes are inducing
        an overestimation of the slope failure susceptibility using existing TRIGRS model, while the
        improved model resulted that less landslide susceptible areas were more representative of
        the actual stability conditions of the slopes at the study area.</subfield>
    </datafield>
    <datafield tag="592" ind1=" " ind2=" ">
      <subfield code="a">Publisher supplied data</subfield>
    </datafield>
    <datafield tag="593" ind1=" " ind2=" ">
      <subfield code="a">PubAg article</subfield>
    </datafield>
    <datafield tag="650" ind1=" " ind2="3">
      <subfield code="a">case studies</subfield>
    </datafield>
    <datafield tag="650" ind1=" " ind2="3">
      <subfield code="a">cohesion</subfield>
    </datafield>
    <datafield tag="650" ind1=" " ind2="3">
      <subfield code="a">computer software</subfield>
    </datafield>
    <datafield tag="650" ind1=" " ind2="3">
      <subfield code="a">geographic information systems</subfield>
    </datafield>
    <datafield tag="650" ind1=" " ind2="3">
      <subfield code="a">landslides</subfield>
    </datafield>
    <datafield tag="650" ind1=" " ind2="3">
      <subfield code="a">models</subfield>
    </datafield>
    <datafield tag="650" ind1=" " ind2="3">
      <subfield code="a">monsoon season</subfield>
    </datafield>
    <datafield tag="650" ind1=" " ind2="3">
      <subfield code="a">rain</subfield>
    </datafield>
    <datafield tag="650" ind1=" " ind2="3">
      <subfield code="a">safety factor</subfield>
    </datafield>
    <datafield tag="650" ind1=" " ind2="3">
      <subfield code="a">trees</subfield>
    </datafield>
    <datafield tag="650" ind1=" " ind2="3">
      <subfield code="a">water table</subfield>
    </datafield>
    <datafield tag="651" ind1=" " ind2="3">
      <subfield code="a">Malaysia</subfield>
    </datafield>
    <datafield tag="700" ind1="1" ind2=" ">
      <subfield code="a">Mansor, Shattri</subfield>
      <subfield code="e">author</subfield>
      <subfield code="u">Department of Civil Engineering, Faculty of Engineering, Geospatial
        Information Science Research Center (GISRC), University Putra Malaysia, 43400, Serdang,
        Selangor, Malaysia</subfield>
    </datafield>
    <datafield tag="700" ind1="1" ind2=" ">
      <subfield code="a">Kassim, Azman</subfield>
      <subfield code="e">author</subfield>
      <subfield code="u">Department of Geotechnics and Transportation, Faculty of Civil Engineering,
        Universiti Teknologi Malaysia, 81300, Skudai, Malaysia</subfield>
    </datafield>
    <datafield tag="700" ind1="1" ind2=" ">
      <subfield code="a">Lee, Lee Min</subfield>
      <subfield code="e">author</subfield>
      <subfield code="u">Lee Kong Chain Faculty of Engineering and Science, Universiti Tunku Abdul
        Rahman, 53300, Kuala Lumpur, Malaysia</subfield>
    </datafield>
    <datafield tag="700" ind1="1" ind2=" ">
      <subfield code="a">Saadatkhah, Reza</subfield>
      <subfield code="e">author</subfield>
      <subfield code="u">Faculty of Engineering, Shahid Bahonar University, Kerman, Iran</subfield>
    </datafield>
    <datafield tag="700" ind1="1" ind2=" ">
      <subfield code="a">Sobhanmanesh, Ali</subfield>
      <subfield code="e">author</subfield>
      <subfield code="u">Department of Geotechnics and Transportation, Faculty of Civil Engineering,
        Universiti Teknologi Malaysia, 81300, Skudai, Malaysia</subfield>
    </datafield>
    <datafield tag="773" ind1="0" ind2=" ">
      <subfield code="t">Environmental earth sciences.</subfield>
      <subfield code="g">2016 Mar., v. 75, no. 5 p.445-445</subfield>
      <subfield code="d">Springer Berlin Heidelberg</subfield>
      <subfield code="w">Journal:J000001228</subfield>
      <subfield code="x">1866-6280</subfield>
      <subfield code="7">nnas</subfield>
    </datafield>
    <datafield tag="787" ind1="1" ind2=" ">
      <subfield code="o">islandora_article_repository</subfield>
    </datafield>
    <datafield tag="787" ind1="1" ind2=" ">
      <subfield code="o">product_pubag</subfield>
    </datafield>
    <datafield tag="787" ind1="1" ind2=" ">
      <subfield code="o">(Journal)J000001228</subfield>
    </datafield>
    <datafield tag="856" ind1="4" ind2="0">
      <subfield code="u">https://dx.doi.org/10.1007/s12665-016-5326-x</subfield>
      <subfield code="3">Available from publisher's site</subfield>
    </datafield>
    <datafield tag="912" ind1=" " ind2=" ">
      <subfield code="a">Article</subfield>
    </datafield>
    <datafield tag="914" ind1=" " ind2=" ">
      <subfield code="a">Journal:J000001228</subfield>
      <subfield code="b">1866-6280</subfield>
      <subfield code="c">75</subfield>
      <subfield code="d">5</subfield>
      <subfield code="e">445</subfield>
    </datafield>
    <datafield tag="914" ind1=" " ind2=" ">
      <subfield code="f">Environmental earth sciences</subfield>
    </datafield>
    <datafield tag="916" ind1=" " ind2=" ">
      <subfield code="a">Batch:1311</subfield>
    </datafield>
    <datafield tag="917" ind1=" " ind2=" ">
      <subfield code="a">issued</subfield>
    </datafield>
    <datafield tag="918" ind1="2" ind2=" ">
      <subfield code="a">Springer</subfield>
      <subfield code="e">provider</subfield>
      <subfield code="5">DNAL</subfield>
    </datafield>
    <datafield tag="935" ind1=" " ind2=" ">
      <subfield code="a">IND605149169</subfield>
      <subfield code="9">ExL</subfield>
    </datafield>
    <datafield tag="949" ind1=" " ind2=" ">
      <subfield code="a">2016-05-27</subfield>
    </datafield>
    <datafield tag="953" ind1=" " ind2=" ">
      <subfield code="a">/data/metadata/incoming/springer/ftp_PUB_21-07-12_05-07-41.zip</subfield>
    </datafield>
    <datafield tag="954" ind1=" " ind2=" ">
      <subfield code="a">file:/data/metadata/staging/springer/12665-75-5.xml</subfield>
    </datafield>
    <datafield tag="955" ind1=" " ind2=" ">
      <subfield code="a">/data/metadata/staging/springer/</subfield>
    </datafield>
    <datafield tag="974" ind1=" " ind2=" ">
      <subfield code="a">agid:5149169</subfield>
    </datafield>
    <datafield tag="983" ind1=" " ind2=" ">
      <subfield code="a">2021-07-12</subfield>
    </datafield>
    <datafield tag="984" ind1=" " ind2=" ">
      <subfield code="a">2021-07-12</subfield>
    </datafield>
  </record>