
  <record>
    <leader>05903nab a2200817 u 4500</leader>
    <controlfield tag="001">9915615987507426</controlfield>
    <controlfield tag="005">20221118235252.0</controlfield>
    <controlfield tag="008">191118e201912 xx |||||o|||||||||||eng||</controlfield>
    <datafield tag="016" ind1="7" ind2=" ">
      <subfield code="a">IND606749637</subfield>
      <subfield code="2">DNAL</subfield>
    </datafield>
    <datafield tag="024" ind1="7" ind2=" ">
      <subfield code="a">10.1016/j.ufug.2019.126487</subfield>
      <subfield code="2">doi</subfield>
    </datafield>
    <datafield tag="035" ind1=" " ind2=" ">
      <subfield code="a">agid:6749637-01nal_inst</subfield>
    </datafield>
    <datafield tag="040" ind1=" " ind2=" ">
      <subfield code="a">AGL</subfield>
      <subfield code="b">eng</subfield>
      <subfield code="c">AGL</subfield>
    </datafield>
    <datafield tag="100" ind1="1" ind2=" ">
      <subfield code="a">Zhu, Chunyang</subfield>
      <subfield code="e">author</subfield>
      <subfield code="u">Department of Landscape Architecture, College of Horticulture and Forest,
        Huazhong Agricultural University, No. 1, Shizishan Street, Hongshan District, Wuhan, Hubei
        Province 430070, China</subfield>
    </datafield>
    <datafield tag="245" ind1="1" ind2="0">
      <subfield code="a">Effect of spatial heterogeneity of plant communities on air PM10 and PM2.5
        in an urban forest park in Wuhan, China</subfield>
    </datafield>
    <datafield tag="520" ind1=" " ind2=" ">
      <subfield code="a">Understanding the associations between plant community characteristics and
        their effects on ambient particulate matter (PM) is a central theme of urban forest park
        management and development so as to maximise ecological services. The ambient PM
        concentrations and spatial distribution of plant communities in urban forest parks are not
        random, but show strong spatial patterns. We selected Ma'’anshan Mountain Forest Park in
        Wuhan, China, as an example of a typical park. The monitoring network consisted of 44
        different plant communities at various locations that were monitored in December, April,
        July and October. The effects of the spatial heterogeneity of plant communities on ambient
        PM10 and PM2.5 were analysed using a spatial model to investigate the relationships between
        plant communities and levels of ambient PM. The results showed that differences in levels of
        ambient PM among plant communities resulted from both their composition and location.
        However, when spatial patterns were corrected, large seasonal variations in PM patterns were
        revealed due to seasonal differences in the characteristics of plants communities and
        pollution emissions. Significantly lower ambient PM concentrations were recorded in
        small-scale plant communities that were mainly distributed in the mountain areas and
        comprised of Pinus, Platycladus, Cunninghamia, Taxodium, Metasequoia, Quercus, Platycarya,
        and Cinnamomum. Correlation results revealed that six factors — diameter at breast height
        (DBH), leaf area index (LAI), canopy area (CA), slope (S), distance from pollution source
        (DPO) and distance from edge of park (DP) — had significant effects on ambient PM reduction.
        We found that ambient PM decline was primarily attributed to large DBH and community DPO.
        The effect of small-scale plant communities on ambient PM decline was the most significant
        in December, followed by October, April, and July. These plant community attributes are the
        basis of forest ecological services, and our findings indicate that the regulation of plant
        communities could improve urban forest services by increasing the efficiency of ambient PM
        concentration reduction.</subfield>
    </datafield>
    <datafield tag="592" ind1=" " ind2=" ">
      <subfield code="a">Publisher supplied data</subfield>
    </datafield>
    <datafield tag="593" ind1=" " ind2=" ">
      <subfield code="a">PubAg article</subfield>
    </datafield>
    <datafield tag="650" ind1=" " ind2="3">
      <subfield code="a">Cinnamomum</subfield>
    </datafield>
    <datafield tag="650" ind1=" " ind2="3">
      <subfield code="a">Cunninghamia</subfield>
    </datafield>
    <datafield tag="650" ind1=" " ind2="3">
      <subfield code="a">Metasequoia</subfield>
    </datafield>
    <datafield tag="650" ind1=" " ind2="3">
      <subfield code="a">Pinus</subfield>
    </datafield>
    <datafield tag="650" ind1=" " ind2="3">
      <subfield code="a">Platycarya</subfield>
    </datafield>
    <datafield tag="650" ind1=" " ind2="3">
      <subfield code="a">Platycladus</subfield>
    </datafield>
    <datafield tag="650" ind1=" " ind2="3">
      <subfield code="a">Quercus</subfield>
    </datafield>
    <datafield tag="650" ind1=" " ind2="3">
      <subfield code="a">Taxodium</subfield>
    </datafield>
    <datafield tag="650" ind1=" " ind2="3">
      <subfield code="a">canopy</subfield>
    </datafield>
    <datafield tag="650" ind1=" " ind2="3">
      <subfield code="a">ecosystem services</subfield>
    </datafield>
    <datafield tag="650" ind1=" " ind2="3">
      <subfield code="a">emissions</subfield>
    </datafield>
    <datafield tag="650" ind1=" " ind2="3">
      <subfield code="a">leaf area index</subfield>
    </datafield>
    <datafield tag="650" ind1=" " ind2="3">
      <subfield code="a">models</subfield>
    </datafield>
    <datafield tag="650" ind1=" " ind2="3">
      <subfield code="a">monitoring</subfield>
    </datafield>
    <datafield tag="650" ind1=" " ind2="3">
      <subfield code="a">parks</subfield>
    </datafield>
    <datafield tag="650" ind1=" " ind2="3">
      <subfield code="a">particulates</subfield>
    </datafield>
    <datafield tag="650" ind1=" " ind2="3">
      <subfield code="a">plant communities</subfield>
    </datafield>
    <datafield tag="650" ind1=" " ind2="3">
      <subfield code="a">pollution</subfield>
    </datafield>
    <datafield tag="650" ind1=" " ind2="3">
      <subfield code="a">seasonal variation</subfield>
    </datafield>
    <datafield tag="650" ind1=" " ind2="3">
      <subfield code="a">spatial variation</subfield>
    </datafield>
    <datafield tag="650" ind1=" " ind2="3">
      <subfield code="a">tree and stand measurements</subfield>
    </datafield>
    <datafield tag="650" ind1=" " ind2="3">
      <subfield code="a">urban forests</subfield>
    </datafield>
    <datafield tag="651" ind1=" " ind2="3">
      <subfield code="a">China</subfield>
    </datafield>
    <datafield tag="653" ind1=" " ind2="0">
      <subfield code="a">Ambient PM10</subfield>
    </datafield>
    <datafield tag="653" ind1=" " ind2="0">
      <subfield code="a">Ambient PM2.5</subfield>
    </datafield>
    <datafield tag="653" ind1=" " ind2="0">
      <subfield code="a">Particulate matter (PM)</subfield>
    </datafield>
    <datafield tag="653" ind1=" " ind2="0">
      <subfield code="a">Plant community</subfield>
    </datafield>
    <datafield tag="653" ind1=" " ind2="0">
      <subfield code="a">Spatial distribution</subfield>
    </datafield>
    <datafield tag="653" ind1=" " ind2="0">
      <subfield code="a">Urban forest park</subfield>
    </datafield>
    <datafield tag="700" ind1="1" ind2=" ">
      <subfield code="a">Przybysz, Arkadiusz</subfield>
      <subfield code="e">author</subfield>
      <subfield code="u">Section of Basic Research in Horticulture, Department of Plant Protection,
        Institute of Horticulture Sciences, Warsaw University of Life Sciences – SGGW (WULS-SGGW),
        Nowoursynowska 159, 02-776 Warsaw, Poland</subfield>
    </datafield>
    <datafield tag="700" ind1="1" ind2=" ">
      <subfield code="a">Chen, Yiru</subfield>
      <subfield code="e">author</subfield>
      <subfield code="u">Department of Landscape Architecture, College of Horticulture and Forest,
        Huazhong Agricultural University, No. 1, Shizishan Street, Hongshan District, Wuhan, Hubei
        Province 430070, China</subfield>
    </datafield>
    <datafield tag="700" ind1="1" ind2=" ">
      <subfield code="a">Guo, Huijuan</subfield>
      <subfield code="e">author</subfield>
      <subfield code="u">Department of Landscape Architecture, College of Horticulture and Forest,
        Huazhong Agricultural University, No. 1, Shizishan Street, Hongshan District, Wuhan, Hubei
        Province 430070, China</subfield>
    </datafield>
    <datafield tag="700" ind1="1" ind2=" ">
      <subfield code="a">Chen, Yuyang</subfield>
      <subfield code="e">author</subfield>
      <subfield code="u">Department of Landscape Architecture, College of Horticulture and Forest,
        Huazhong Agricultural University, No. 1, Shizishan Street, Hongshan District, Wuhan, Hubei
        Province 430070, China</subfield>
    </datafield>
    <datafield tag="700" ind1="1" ind2=" ">
      <subfield code="a">Zeng, Yuanzi</subfield>
      <subfield code="e">author</subfield>
      <subfield code="u">Department of Landscape Architecture, College of Horticulture and Forest,
        Huazhong Agricultural University, No. 1, Shizishan Street, Hongshan District, Wuhan, Hubei
        Province 430070, China</subfield>
    </datafield>
    <datafield tag="773" ind1="0" ind2=" ">
      <subfield code="t">Urban forestry &amp; urban greening.</subfield>
      <subfield code="g">2019 Dec., v. 46 p.126487-</subfield>
      <subfield code="d">Elsevier GmbH</subfield>
      <subfield code="w">Journal:jnl893556</subfield>
      <subfield code="x">1618-8667</subfield>
      <subfield code="7">nnas</subfield>
    </datafield>
    <datafield tag="787" ind1="1" ind2=" ">
      <subfield code="o">islandora_article_repository</subfield>
    </datafield>
    <datafield tag="787" ind1="1" ind2=" ">
      <subfield code="o">product_pubag</subfield>
    </datafield>
    <datafield tag="787" ind1="1" ind2=" ">
      <subfield code="o">(Journal)jnl893556</subfield>
    </datafield>
    <datafield tag="856" ind1="4" ind2="0">
      <subfield code="u">https://dx.doi.org/10.1016/j.ufug.2019.126487</subfield>
      <subfield code="3">Available from publisher's site</subfield>
    </datafield>
    <datafield tag="912" ind1=" " ind2=" ">
      <subfield code="a">Article</subfield>
    </datafield>
    <datafield tag="914" ind1=" " ind2=" ">
      <subfield code="a">Journal:jnl893556</subfield>
      <subfield code="b">1618-8667</subfield>
    </datafield>
    <datafield tag="914" ind1=" " ind2=" ">
      <subfield code="f">Urban forestry &amp; urban greening</subfield>
    </datafield>
    <datafield tag="916" ind1=" " ind2=" ">
      <subfield code="a">Batch:2454</subfield>
    </datafield>
    <datafield tag="917" ind1=" " ind2=" ">
      <subfield code="a">issued</subfield>
    </datafield>
    <datafield tag="918" ind1="2" ind2=" ">
      <subfield code="a">Elsevier Consyn</subfield>
      <subfield code="e">provider</subfield>
      <subfield code="5">DNAL</subfield>
    </datafield>
    <datafield tag="935" ind1=" " ind2=" ">
      <subfield code="a">IND606749637</subfield>
      <subfield code="9">ExL</subfield>
    </datafield>
    <datafield tag="949" ind1=" " ind2=" ">
      <subfield code="a">2020-04-29</subfield>
    </datafield>
    <datafield tag="953" ind1=" " ind2=" ">
      <subfield code="a"
        >/data/metadata/incoming/consyn/164826320388851278-00002-HEAD-ONLY-REVISEDSUBJECTLIST.zip</subfield>
    </datafield>
    <datafield tag="954" ind1=" " ind2=" ">
      <subfield code="a">file:/data/metadata/staging/consyn/S1618866718305132.xml</subfield>
    </datafield>
    <datafield tag="955" ind1=" " ind2=" ">
      <subfield code="a">/data/metadata/staging/consyn/</subfield>
    </datafield>
    <datafield tag="962" ind1=" " ind2=" ">
      <subfield code="a">Batch:2454 reviewed on 2020-04-29T09:00:04Z</subfield>
    </datafield>
    <datafield tag="974" ind1=" " ind2=" ">
      <subfield code="a">agid:6749637</subfield>
    </datafield>
    <datafield tag="983" ind1=" " ind2=" ">
      <subfield code="a">2019-11-18</subfield>
    </datafield>
    <datafield tag="984" ind1=" " ind2=" ">
      <subfield code="a">2020-04-29</subfield>
    </datafield>
  </record>