
  <record>
    <leader>03341nab a2200565 u 4500</leader>
    <controlfield tag="001">9915616201107426</controlfield>
    <controlfield tag="005">20221118235240.0</controlfield>
    <controlfield tag="008">100111e201001 xx |||||o|||||||||||eng||</controlfield>
    <datafield tag="016" ind1="7" ind2=" ">
      <subfield code="a">IND44310549</subfield>
      <subfield code="2">DNAL</subfield>
    </datafield>
    <datafield tag="024" ind1="7" ind2=" ">
      <subfield code="a">10.1111/j.1600-0706.2009.17758.x</subfield>
      <subfield code="2">doi</subfield>
    </datafield>
    <datafield tag="035" ind1=" " ind2=" ">
      <subfield code="a">agid:516794-01nal_inst</subfield>
    </datafield>
    <datafield tag="040" ind1=" " ind2=" ">
      <subfield code="a">AGL</subfield>
      <subfield code="b">eng</subfield>
      <subfield code="c">AGL</subfield>
    </datafield>
    <datafield tag="100" ind1="1" ind2=" ">
      <subfield code="a">Zhu, Yan</subfield>
    </datafield>
    <datafield tag="245" ind1="1" ind2="0">
      <subfield code="a">Density dependence is prevalent in a heterogeneous subtropical
        forest</subfield>
    </datafield>
    <datafield tag="300" ind1=" " ind2=" ">
      <subfield code="a">p. 109-119.</subfield>
    </datafield>
    <datafield tag="500" ind1=" " ind2=" ">
      <subfield code="a">Includes references</subfield>
    </datafield>
    <datafield tag="520" ind1=" " ind2=" ">
      <subfield code="a">Although negative conspecific density dependence among neighbours is widely
        studied, the general prevalence of the effects is still poorly understood due to a lack of
        studies from zonal forests other than the tropics. In addition, the detection of density
        dependence may be confounded by the influence of habitat heterogeneity. Here we examined the
        spatial distributions of 47 common tree species (diameter at breast height≥1 cm) using the
        pair-correlation function g(r) in a fully mapped 24-ha subtropical forest in China. We first
        investigated whether habitat heterogeneity influenced tree distributions, and then examined
        the conspecific tree patterns and density dependence after removing the effects of habitat
        heterogeneity. We found that the forest plot exhibited strong large-scale heterogeneity in
        the distribution of both large adult trees of different growth forms and individual species.
        After the habitat heterogeneity was accounted for, 39 of the 47 species (83.0%) were found
        to exhibit density dependence predominantly at close distances among neighbors. Our findings
        highlight density dependence as a prevalent mechanism for regulating the population spatial
        structure of most tree species in the species-rich subtropical forest studied here.
        Furthermore, the occurrence of density dependence is closely associated with species
        abundance and the strength of conspecific aggregation at local scales. Abundant species with
        high strength of conspecific aggregation tend to show density dependence.</subfield>
    </datafield>
    <datafield tag="593" ind1=" " ind2=" ">
      <subfield code="a">PubAg article</subfield>
    </datafield>
    <datafield tag="650" ind1=" " ind2="3">
      <subfield code="a">forests</subfield>
    </datafield>
    <datafield tag="650" ind1=" " ind2="3">
      <subfield code="a">habitats</subfield>
    </datafield>
    <datafield tag="650" ind1=" " ind2="3">
      <subfield code="a">population structure</subfield>
    </datafield>
    <datafield tag="650" ind1=" " ind2="3">
      <subfield code="a">tree growth</subfield>
    </datafield>
    <datafield tag="650" ind1=" " ind2="3">
      <subfield code="a">trees</subfield>
    </datafield>
    <datafield tag="650" ind1=" " ind2="3">
      <subfield code="a">tropics</subfield>
    </datafield>
    <datafield tag="651" ind1=" " ind2="3">
      <subfield code="a">China</subfield>
    </datafield>
    <datafield tag="700" ind1="1" ind2=" ">
      <subfield code="a">Mi, Xiangcheng</subfield>
    </datafield>
    <datafield tag="700" ind1="1" ind2=" ">
      <subfield code="a">Ren, Haibao</subfield>
    </datafield>
    <datafield tag="700" ind1="1" ind2=" ">
      <subfield code="a">Ma, Keping</subfield>
    </datafield>
    <datafield tag="773" ind1="0" ind2=" ">
      <subfield code="t">Oikos.</subfield>
      <subfield code="g">2010 Jan., v. 119, no. 1 p.109-119</subfield>
      <subfield code="d">Blackwell Publishing Ltd</subfield>
      <subfield code="x">0030-1299</subfield>
      <subfield code="7">nnas</subfield>
    </datafield>
    <datafield tag="787" ind1="1" ind2=" ">
      <subfield code="o">islandora_article_repository</subfield>
    </datafield>
    <datafield tag="787" ind1="1" ind2=" ">
      <subfield code="o">product_pubag</subfield>
    </datafield>
    <datafield tag="787" ind1="1" ind2=" ">
      <subfield code="o">(Journal)jnl30362</subfield>
    </datafield>
    <datafield tag="852" ind1=" " ind2=" ">
      <subfield code="a">DNAL</subfield>
    </datafield>
    <datafield tag="856" ind1="4" ind2="0">
      <subfield code="u">http://dx.doi.org/10.1111/j.1600-0706.2009.17758.x</subfield>
    </datafield>
    <datafield tag="912" ind1=" " ind2=" ">
      <subfield code="a">Article</subfield>
    </datafield>
    <datafield tag="914" ind1=" " ind2=" ">
      <subfield code="a">Journal:jnl30362</subfield>
      <subfield code="b">0030-1299</subfield>
      <subfield code="c">119</subfield>
      <subfield code="d">1</subfield>
      <subfield code="e">109</subfield>
    </datafield>
    <datafield tag="914" ind1=" " ind2=" ">
      <subfield code="f">Oikos</subfield>
    </datafield>
    <datafield tag="917" ind1=" " ind2=" ">
      <subfield code="a">issued</subfield>
    </datafield>
    <datafield tag="935" ind1=" " ind2=" ">
      <subfield code="a">IND44310549</subfield>
      <subfield code="9">ExL</subfield>
    </datafield>
    <datafield tag="949" ind1=" " ind2=" ">
      <subfield code="a">2013-07-01</subfield>
    </datafield>
    <datafield tag="962" ind1=" " ind2=" ">
      <subfield code="a">Journal ISSN is 1600-0706</subfield>
    </datafield>
    <datafield tag="962" ind1=" " ind2=" ">
      <subfield code="a">Journal title changed from 'Oikos, acta oecologica Scandinavica'</subfield>
    </datafield>
    <datafield tag="962" ind1=" " ind2=" ">
      <subfield code="a">Batch:246 annotated on 2013-06-05T07:56:01Z</subfield>
    </datafield>
    <datafield tag="962" ind1=" " ind2=" ">
      <subfield code="a">Batch:246 reviewed on 2013-07-01T15:00:01Z</subfield>
    </datafield>
    <datafield tag="962" ind1=" " ind2=" ">
      <subfield code="a">Batch:246 reviewed on 2013-07-01T17:00:02Z</subfield>
    </datafield>
    <datafield tag="962" ind1=" " ind2=" ">
      <subfield code="a">Batch:246 reviewed on 2013-07-01T18:00:02Z</subfield>
    </datafield>
    <datafield tag="974" ind1=" " ind2=" ">
      <subfield code="a">agid:516794</subfield>
    </datafield>
    <datafield tag="984" ind1=" " ind2=" ">
      <subfield code="a">2010-02-06</subfield>
    </datafield>
    <datafield tag="985" ind1=" " ind2=" ">
      <subfield code="a">Converted from MARCXML to MODS version 3.4 using MARC21slim2MODS3-4.xsl
        (Revision 1.77 2012/03/23)</subfield>
    </datafield>
    <datafield tag="986" ind1=" " ind2=" ">
      <subfield code="a">4310549</subfield>
    </datafield>
  </record>