
  <record>
    <leader>03811nab a2200613 u 4500</leader>
    <controlfield tag="001">9915616453407426</controlfield>
    <controlfield tag="005">20221118235448.0</controlfield>
    <controlfield tag="008">160121e20090601xx |||||o|||||||||||eng||</controlfield>
    <datafield tag="016" ind1="7" ind2=" ">
      <subfield code="a">IND604793786</subfield>
      <subfield code="2">DNAL</subfield>
    </datafield>
    <datafield tag="024" ind1="7" ind2=" ">
      <subfield code="a">10.1556/ComEc.10.2009.1.6</subfield>
      <subfield code="2">doi</subfield>
    </datafield>
    <datafield tag="035" ind1=" " ind2=" ">
      <subfield code="a">agid:4793786-01nal_inst</subfield>
    </datafield>
    <datafield tag="040" ind1=" " ind2=" ">
      <subfield code="a">AGL</subfield>
      <subfield code="b">eng</subfield>
      <subfield code="c">AGL</subfield>
    </datafield>
    <datafield tag="100" ind1="1" ind2=" ">
      <subfield code="a">Leithead, M. D.</subfield>
      <subfield code="e">author</subfield>
      <subfield code="u">University of Guelph Department of Environmental Biology Guelph Ontario
        Canada N1G 2W1</subfield>
    </datafield>
    <datafield tag="245" ind1="1" ind2="2">
      <subfield code="a">A synthetic approach for analyzing tropical tree spatial patterns through
        time</subfield>
    </datafield>
    <datafield tag="300" ind1=" " ind2=" ">
      <subfield code="a">p. 45-52.</subfield>
    </datafield>
    <datafield tag="520" ind1=" " ind2=" ">
      <subfield code="a">Spatial patterns of tropical tree populations may contribute to the
        identification of underlying ecological mechanisms such as dispersal, competition and pest
        and pathogen pressure. Classical structure functions for quantifying spatial patterns have
        limitations, for example, although Ripley’s &lt;i&gt;K&lt;/i&gt; function is useful for
        identifying differences in spatial patterns through space, this makes it difficult to
        identify differences in spatial patterns through time. To complement Ripley’s
        &lt;i&gt;K&lt;/i&gt; function, we use the Thomas process, a point pattern model, to quantify
        temporal changes in spatial patterns for five tropical tree species known to have
        density-dependent mortality from species-specific pests and/or pathogens on Barro Colorado
        Island, Panama. We fit the data of each species to the model to estimate the cluster size
        (σ) and density of cluster centres (ρ). We compared spatial patterns based on the pair
        correlation function of the Thomas process determined from σ and ρ. We found reduced
        clustering over the past 20 years for &lt;i&gt;Ocotea whitei&lt;/i&gt; (Lauraceae) and
        &lt;i&gt;Quararibea asterolepis&lt;/i&gt; (Bombacaceae), the two species with the
        best-documented cases of pathogen and pest outbreaks on BCI, suggesting support for the
        Janzen-Connell Hypothesis; however, we reject the hypothesis because neither species showed
        spatial regularity throughout the census period. We found that the Thomas process point
        pattern model used in concordance with Ripley’s &lt;i&gt;K&lt;/i&gt; function and other
        classical structure functions in ecology can be a simplified and powerful method for testing
        hypotheses regarding changing spatial patterns of populations through time.</subfield>
    </datafield>
    <datafield tag="592" ind1=" " ind2=" ">
      <subfield code="a">Publisher supplied data</subfield>
    </datafield>
    <datafield tag="593" ind1=" " ind2=" ">
      <subfield code="a">PubAg article</subfield>
    </datafield>
    <datafield tag="650" ind1=" " ind2="3">
      <subfield code="a">Ocotea</subfield>
    </datafield>
    <datafield tag="650" ind1=" " ind2="3">
      <subfield code="a">Quararibea asterolepis</subfield>
    </datafield>
    <datafield tag="650" ind1=" " ind2="3">
      <subfield code="a">islands</subfield>
    </datafield>
    <datafield tag="650" ind1=" " ind2="3">
      <subfield code="a">models</subfield>
    </datafield>
    <datafield tag="650" ind1=" " ind2="3">
      <subfield code="a">mortality</subfield>
    </datafield>
    <datafield tag="650" ind1=" " ind2="3">
      <subfield code="a">pathogens</subfield>
    </datafield>
    <datafield tag="650" ind1=" " ind2="3">
      <subfield code="a">pests</subfield>
    </datafield>
    <datafield tag="650" ind1=" " ind2="3">
      <subfield code="a">spatial variation</subfield>
    </datafield>
    <datafield tag="650" ind1=" " ind2="3">
      <subfield code="a">temporal variation</subfield>
    </datafield>
    <datafield tag="650" ind1=" " ind2="3">
      <subfield code="a">trees</subfield>
    </datafield>
    <datafield tag="651" ind1=" " ind2="3">
      <subfield code="a">Panama</subfield>
    </datafield>
    <datafield tag="653" ind1=" " ind2="0">
      <subfield code="a">Barro Colorado Island</subfield>
    </datafield>
    <datafield tag="653" ind1=" " ind2="0">
      <subfield code="a">El Niño</subfield>
    </datafield>
    <datafield tag="653" ind1=" " ind2="0">
      <subfield code="a">Pair correlation function</subfield>
    </datafield>
    <datafield tag="653" ind1=" " ind2="0">
      <subfield code="a">Spatial point patterns</subfield>
    </datafield>
    <datafield tag="653" ind1=" " ind2="0">
      <subfield code="a">Thomas process</subfield>
    </datafield>
    <datafield tag="700" ind1="1" ind2=" ">
      <subfield code="a">Anand, M.</subfield>
      <subfield code="e">author</subfield>
      <subfield code="u">University of Guelph Department of Environmental Biology Guelph Ontario
        Canada N1G 2W1</subfield>
    </datafield>
    <datafield tag="700" ind1="1" ind2=" ">
      <subfield code="a">Deeth, L.</subfield>
      <subfield code="e">author</subfield>
      <subfield code="u">University of Guelph Department of Environmental Biology Guelph Ontario
        Canada N1G 2W1</subfield>
    </datafield>
    <datafield tag="773" ind1="0" ind2=" ">
      <subfield code="t">Community ecology.</subfield>
      <subfield code="g">2009 June 1, v. 10, no. 1 p.45-52</subfield>
      <subfield code="d">Akadémiai Kiadó</subfield>
      <subfield code="x">1585-8553</subfield>
      <subfield code="7">nnas</subfield>
    </datafield>
    <datafield tag="787" ind1="1" ind2=" ">
      <subfield code="o">islandora_article_repository</subfield>
    </datafield>
    <datafield tag="787" ind1="1" ind2=" ">
      <subfield code="o">product_pubag</subfield>
    </datafield>
    <datafield tag="787" ind1="1" ind2=" ">
      <subfield code="o">(Journal)J000000060</subfield>
    </datafield>
    <datafield tag="856" ind1="4" ind2="0">
      <subfield code="u">http://dx.doi.org/10.1556%2FComEc.10.2009.1.6</subfield>
      <subfield code="3">Available from publisher's site</subfield>
    </datafield>
    <datafield tag="912" ind1=" " ind2=" ">
      <subfield code="a">Article</subfield>
    </datafield>
    <datafield tag="914" ind1=" " ind2=" ">
      <subfield code="a">Journal:J000000060</subfield>
      <subfield code="b">1585-8553</subfield>
      <subfield code="c">10</subfield>
      <subfield code="d">1</subfield>
      <subfield code="e">45</subfield>
    </datafield>
    <datafield tag="914" ind1=" " ind2=" ">
      <subfield code="f">Community ecology</subfield>
    </datafield>
    <datafield tag="916" ind1=" " ind2=" ">
      <subfield code="a">Batch:1393</subfield>
    </datafield>
    <datafield tag="917" ind1=" " ind2=" ">
      <subfield code="a">issued</subfield>
    </datafield>
    <datafield tag="918" ind1="2" ind2=" ">
      <subfield code="a">Akademiai Kiado</subfield>
      <subfield code="e">provider</subfield>
      <subfield code="5">DNAL</subfield>
    </datafield>
    <datafield tag="935" ind1=" " ind2=" ">
      <subfield code="a">IND604793786</subfield>
      <subfield code="9">ExL</subfield>
    </datafield>
    <datafield tag="949" ind1=" " ind2=" ">
      <subfield code="a">2016-08-17</subfield>
    </datafield>
    <datafield tag="953" ind1=" " ind2=" ">
      <subfield code="a">168_10_1.zip</subfield>
    </datafield>
    <datafield tag="962" ind1=" " ind2=" ">
      <subfield code="a">Batch:1393 reviewed on 2016-08-17T11:00:02Z</subfield>
    </datafield>
    <datafield tag="974" ind1=" " ind2=" ">
      <subfield code="a">agid:4793786</subfield>
    </datafield>
    <datafield tag="983" ind1=" " ind2=" ">
      <subfield code="a">2016-01-21</subfield>
    </datafield>
    <datafield tag="984" ind1=" " ind2=" ">
      <subfield code="a">2016-08-17</subfield>
    </datafield>
  </record>