
  <record>
    <leader>03994nab a2200673 u 4500</leader>
    <controlfield tag="001">9915616612707426</controlfield>
    <controlfield tag="005">20221118235711.0</controlfield>
    <controlfield tag="008">160121e20091201xx |||||o|||||||||||eng||</controlfield>
    <datafield tag="016" ind1="7" ind2=" ">
      <subfield code="a">IND604793799</subfield>
      <subfield code="2">DNAL</subfield>
    </datafield>
    <datafield tag="024" ind1="7" ind2=" ">
      <subfield code="a">10.1556/ComEc.10.2009.2.12</subfield>
      <subfield code="2">doi</subfield>
    </datafield>
    <datafield tag="035" ind1=" " ind2=" ">
      <subfield code="a">agid:4793799-01nal_inst</subfield>
    </datafield>
    <datafield tag="040" ind1=" " ind2=" ">
      <subfield code="a">AGL</subfield>
      <subfield code="b">eng</subfield>
      <subfield code="c">AGL</subfield>
    </datafield>
    <datafield tag="100" ind1="1" ind2=" ">
      <subfield code="a">Scarnati, L.</subfield>
      <subfield code="e">author</subfield>
      <subfield code="u">Sapienza University of Rome Department of Plant Biology P.le A. Moro, 5
        00185 Rome Italy</subfield>
    </datafield>
    <datafield tag="245" ind1="1" ind2="0">
      <subfield code="a">Modelling the spatial distribution of tree species with fragmented
        populations from abundance data</subfield>
    </datafield>
    <datafield tag="300" ind1=" " ind2=" ">
      <subfield code="a">p. 215-224.</subfield>
    </datafield>
    <datafield tag="520" ind1=" " ind2=" ">
      <subfield code="a">Spatial distribution modelling can be a useful tool for elaborating
        conservation strategies for tree species characterized by fragmented and sparse populations.
        We tested five statistical models—Support Vector Regression (SVR), Multivariate Adaptive
        Regression Splines (MARS), Gaussian processes with radial basis kernel functions (GP),
        Regression Tree Analysis (RTA) and Random Forests (RF)—for their predictive performances. To
        perform the evaluation, we applied these techniques to three tree species for which
        conservation measures should be elaborated and implemented: one Mediterranean species
        (&lt;i&gt;Quercus suber&lt;/i&gt;) and two temperate species (&lt;i&gt;Ilex
        aquifolium&lt;/i&gt; and &lt;i&gt;Taxus baccata&lt;/i&gt;). Model evaluation was measured by
        MSE, Goodman-Kruskal and sensitivity statistics and map outputs based on the minimal
        predicted area criterion. All the models performed well, confirming the validity of this
        approach when dealing with species characterized by narrow and specialized niches and when
        adequate data (more than 40–50 samples) and environmental and climatic variables, recognized
        as important determinants of plant distribution patterns, are available. Based on the
        evaluation processes, RF resulted the most accurate algorithm thanks to
        bootstrap-resampling, trees averaging, randomization of predictors and smoother response
        surface.</subfield>
    </datafield>
    <datafield tag="592" ind1=" " ind2=" ">
      <subfield code="a">Publisher supplied data</subfield>
    </datafield>
    <datafield tag="593" ind1=" " ind2=" ">
      <subfield code="a">PubAg article</subfield>
    </datafield>
    <datafield tag="650" ind1=" " ind2="3">
      <subfield code="a">Ilex aquifolium</subfield>
    </datafield>
    <datafield tag="650" ind1=" " ind2="3">
      <subfield code="a">Quercus suber</subfield>
    </datafield>
    <datafield tag="650" ind1=" " ind2="3">
      <subfield code="a">Taxus baccata</subfield>
    </datafield>
    <datafield tag="650" ind1=" " ind2="3">
      <subfield code="a">algorithms</subfield>
    </datafield>
    <datafield tag="650" ind1=" " ind2="3">
      <subfield code="a">climatic factors</subfield>
    </datafield>
    <datafield tag="650" ind1=" " ind2="3">
      <subfield code="a">models</subfield>
    </datafield>
    <datafield tag="650" ind1=" " ind2="3">
      <subfield code="a">niches</subfield>
    </datafield>
    <datafield tag="650" ind1=" " ind2="3">
      <subfield code="a">regression analysis</subfield>
    </datafield>
    <datafield tag="650" ind1=" " ind2="3">
      <subfield code="a">trees</subfield>
    </datafield>
    <datafield tag="653" ind1=" " ind2="0">
      <subfield code="a">&lt;i&gt;Ilex aquifolium&lt;/i&gt;</subfield>
    </datafield>
    <datafield tag="653" ind1=" " ind2="0">
      <subfield code="a">Gaussian processes with radial basis kernel functions</subfield>
    </datafield>
    <datafield tag="653" ind1=" " ind2="0">
      <subfield code="a">Multivariate adaptive regression splines</subfield>
    </datafield>
    <datafield tag="653" ind1=" " ind2="0">
      <subfield code="a">Potential areas</subfield>
    </datafield>
    <datafield tag="653" ind1=" " ind2="0">
      <subfield code="a">Random forest</subfield>
    </datafield>
    <datafield tag="653" ind1=" " ind2="0">
      <subfield code="a">Regression tree analysis</subfield>
    </datafield>
    <datafield tag="653" ind1=" " ind2="0">
      <subfield code="a">&lt;i&gt;Quercus suber&lt;/i&gt;</subfield>
    </datafield>
    <datafield tag="653" ind1=" " ind2="0">
      <subfield code="a">Spatial modelling</subfield>
    </datafield>
    <datafield tag="653" ind1=" " ind2="0">
      <subfield code="a">Support vector regression</subfield>
    </datafield>
    <datafield tag="653" ind1=" " ind2="0">
      <subfield code="a">&lt;i&gt;Taxus baccata&lt;/i&gt;</subfield>
    </datafield>
    <datafield tag="700" ind1="1" ind2=" ">
      <subfield code="a">Attorre, F.</subfield>
      <subfield code="e">author</subfield>
      <subfield code="u">Sapienza University of Rome Department of Plant Biology P.le A. Moro, 5
        00185 Rome Italy</subfield>
    </datafield>
    <datafield tag="700" ind1="1" ind2=" ">
      <subfield code="a">Farcomeni, A.</subfield>
      <subfield code="e">author</subfield>
      <subfield code="u">Sapienza University of Rome Department of Experimental Medicine —
        Statistics Unit P.le A. Moro, 5 00185 Rome Italy</subfield>
    </datafield>
    <datafield tag="700" ind1="1" ind2=" ">
      <subfield code="a">Francesconi, F.</subfield>
      <subfield code="e">author</subfield>
      <subfield code="u">Sapienza University of Rome Department of Plant Biology P.le A. Moro, 5
        00185 Rome Italy</subfield>
    </datafield>
    <datafield tag="700" ind1="1" ind2=" ">
      <subfield code="a">Sanctis, M.</subfield>
      <subfield code="e">author</subfield>
      <subfield code="u">Sapienza University of Rome Department of Plant Biology P.le A. Moro, 5
        00185 Rome Italy</subfield>
    </datafield>
    <datafield tag="773" ind1="0" ind2=" ">
      <subfield code="t">Community ecology.</subfield>
      <subfield code="g">2009 Dec. 1, v. 10, no. 2 p.215-224</subfield>
      <subfield code="d">Akadémiai Kiadó</subfield>
      <subfield code="x">1585-8553</subfield>
      <subfield code="7">nnas</subfield>
    </datafield>
    <datafield tag="787" ind1="1" ind2=" ">
      <subfield code="o">islandora_article_repository</subfield>
    </datafield>
    <datafield tag="787" ind1="1" ind2=" ">
      <subfield code="o">product_pubag</subfield>
    </datafield>
    <datafield tag="787" ind1="1" ind2=" ">
      <subfield code="o">(Journal)J000000060</subfield>
    </datafield>
    <datafield tag="856" ind1="4" ind2="0">
      <subfield code="u">http://dx.doi.org/10.1556%2FComEc.10.2009.2.12</subfield>
      <subfield code="3">Available from publisher's site</subfield>
    </datafield>
    <datafield tag="912" ind1=" " ind2=" ">
      <subfield code="a">Article</subfield>
    </datafield>
    <datafield tag="914" ind1=" " ind2=" ">
      <subfield code="a">Journal:J000000060</subfield>
      <subfield code="b">1585-8553</subfield>
      <subfield code="c">10</subfield>
      <subfield code="d">2</subfield>
      <subfield code="e">215</subfield>
    </datafield>
    <datafield tag="914" ind1=" " ind2=" ">
      <subfield code="f">Community ecology</subfield>
    </datafield>
    <datafield tag="916" ind1=" " ind2=" ">
      <subfield code="a">Batch:1393</subfield>
    </datafield>
    <datafield tag="917" ind1=" " ind2=" ">
      <subfield code="a">issued</subfield>
    </datafield>
    <datafield tag="918" ind1="2" ind2=" ">
      <subfield code="a">Akademiai Kiado</subfield>
      <subfield code="e">provider</subfield>
      <subfield code="5">DNAL</subfield>
    </datafield>
    <datafield tag="935" ind1=" " ind2=" ">
      <subfield code="a">IND604793799</subfield>
      <subfield code="9">ExL</subfield>
    </datafield>
    <datafield tag="949" ind1=" " ind2=" ">
      <subfield code="a">2016-08-17</subfield>
    </datafield>
    <datafield tag="953" ind1=" " ind2=" ">
      <subfield code="a">168_10_2.zip</subfield>
    </datafield>
    <datafield tag="962" ind1=" " ind2=" ">
      <subfield code="a">Batch:1393 reviewed on 2016-08-17T11:00:02Z</subfield>
    </datafield>
    <datafield tag="974" ind1=" " ind2=" ">
      <subfield code="a">agid:4793799</subfield>
    </datafield>
    <datafield tag="983" ind1=" " ind2=" ">
      <subfield code="a">2016-01-21</subfield>
    </datafield>
    <datafield tag="984" ind1=" " ind2=" ">
      <subfield code="a">2016-08-17</subfield>
    </datafield>
  </record>