
  <record>
    <leader>04319nab a2200469 u 4500</leader>
    <controlfield tag="001">9915616643307426</controlfield>
    <controlfield tag="005">20221118235422.0</controlfield>
    <controlfield tag="008">130408e201301 xx |||||o|||||||||||eng||</controlfield>
    <datafield tag="016" ind1="7" ind2=" ">
      <subfield code="a">IND500647190</subfield>
      <subfield code="2">DNAL</subfield>
    </datafield>
    <datafield tag="024" ind1="7" ind2=" ">
      <subfield code="a">10.1111/j.1600-0587.2012.07361.x</subfield>
      <subfield code="2">doi</subfield>
    </datafield>
    <datafield tag="035" ind1=" " ind2=" ">
      <subfield code="a">agid:516210-01nal_inst</subfield>
    </datafield>
    <datafield tag="040" ind1=" " ind2=" ">
      <subfield code="a">AGL</subfield>
      <subfield code="b">eng</subfield>
      <subfield code="c">AGL</subfield>
    </datafield>
    <datafield tag="100" ind1="1" ind2=" ">
      <subfield code="a">Wiegand, Thorsten</subfield>
      <subfield code="e">author</subfield>
      <subfield code="u"> UFZ Helmholtz Centre for Environmental Research – UFZ, Dept of Ecological
        Modeling, PF 500136, DE‐04301 Leipzig, Germany Dept of Renewable Resources, Univ. of
        Alberta, Edmonton, AB T6G 2H1, Canada Dept of Ecology and Evolutionary Biology, Univ. of
        California, Los Angeles, CA 90095, USA Center for Tropical Forest Science, Smithsonian
        Tropical Research Inst., Unit 0948, APO AA 34002‐0948, Republic of Panama</subfield>
    </datafield>
    <datafield tag="245" ind1="1" ind2="2">
      <subfield code="a">A systematic comparison of summary characteristics for quantifying point
        patterns in ecology</subfield>
    </datafield>
    <datafield tag="300" ind1=" " ind2=" ">
      <subfield code="a">p. 092-103.</subfield>
    </datafield>
    <datafield tag="520" ind1=" " ind2=" ">
      <subfield code="a">Many functional summary characteristics such as Ripley's K function have
        been used in ecology to describe the spatial structure of point patterns to aid
        understanding of the underlying processes. However, their use is poorly guided in ecology
        because little is understood how well single summary characteristics, or a combination of
        them, capture the spatial structure of real world patterns. Here, we systematically tested
        the performance of combinations of eight summary characteristics [i.e. pair correlation
        function g(r), K‐function K(r), the proportion E(r) of points with no neighbor at distance
        r, the nearest neighbor distribution function D(r), the spherical contact distribution
        Hₛ(r), the kth nearest‐neighbor distribution functions Dₖ(r), the mean distance nn(k) to the
        kth neighbor, and the intensity function λ(x)]. To this end we used point pattern data
        covering a wide range of spatial structures including simulated (stationary) as well as
        real, possibly non‐stationary, patterns on tree species in a tropical forest in Panamá. To
        measure the information contained in a given combination of summary characteristics we used
        simulated annealing to reconstruct the observed patterns based only on the limited
        information provided by this combination and assessed how well other characteristics of the
        observed pattern were recovered. We found that the number of summary characteristics
        required to capture the spatial structure of stationary patterns varied between one (for
        patterns with near random structures) and three (for patterns with complex cluster and
        superposition structures), but with a robust ranking g(r), Dₖ(r), and Hₛ(r) that was largely
        independent on pattern idiosyncrasies. Stationary summary characteristics [with ranking
        g(r), Dₖ(r), Hₛ(r), E(r)] captured small‐ to intermediate scale properties of non‐stationary
        patterns, but for describing large‐scale spatial structures the intensity function was
        required. Our finding revealed that the current practice in ecology of using only one or two
        summary characteristics bears danger that essential characteristics of more complex patterns
        would not be detected. The technique of pattern reconstruction presented here has wide
        applications in ecology.</subfield>
    </datafield>
    <datafield tag="592" ind1=" " ind2=" ">
      <subfield code="a">Publisher supplied data</subfield>
    </datafield>
    <datafield tag="593" ind1=" " ind2=" ">
      <subfield code="a">PubAg article</subfield>
    </datafield>
    <datafield tag="650" ind1=" " ind2="3">
      <subfield code="a">Ursidae</subfield>
    </datafield>
    <datafield tag="650" ind1=" " ind2="3">
      <subfield code="a">ecology</subfield>
    </datafield>
    <datafield tag="650" ind1=" " ind2="3">
      <subfield code="a">forest trees</subfield>
    </datafield>
    <datafield tag="650" ind1=" " ind2="3">
      <subfield code="a">functional properties</subfield>
    </datafield>
    <datafield tag="700" ind1="1" ind2=" ">
      <subfield code="a">He, Fangliang</subfield>
      <subfield code="e">author</subfield>
    </datafield>
    <datafield tag="700" ind1="1" ind2=" ">
      <subfield code="a">Hubbell, Stephen P.</subfield>
      <subfield code="e">author</subfield>
    </datafield>
    <datafield tag="773" ind1="0" ind2=" ">
      <subfield code="t">Ecography.</subfield>
      <subfield code="g">2013 Jan., v. 36, no. 1 p.092-103</subfield>
      <subfield code="d">Blackwell Publishing Ltd</subfield>
      <subfield code="x">0906-7590</subfield>
      <subfield code="7">nnas</subfield>
    </datafield>
    <datafield tag="787" ind1="1" ind2=" ">
      <subfield code="o">islandora_article_repository</subfield>
    </datafield>
    <datafield tag="787" ind1="1" ind2=" ">
      <subfield code="o">product_pubag</subfield>
    </datafield>
    <datafield tag="787" ind1="1" ind2=" ">
      <subfield code="o">(Journal)jnl3867072</subfield>
    </datafield>
    <datafield tag="856" ind1="4" ind2="0">
      <subfield code="u">http://dx.doi.org/10.1111/j.1600-0587.2012.07361.x</subfield>
    </datafield>
    <datafield tag="912" ind1=" " ind2=" ">
      <subfield code="a">Article</subfield>
    </datafield>
    <datafield tag="914" ind1=" " ind2=" ">
      <subfield code="a">Journal:jnl3867072</subfield>
      <subfield code="b">0906-7590</subfield>
      <subfield code="c">36</subfield>
      <subfield code="d">1</subfield>
      <subfield code="e">092</subfield>
    </datafield>
    <datafield tag="914" ind1=" " ind2=" ">
      <subfield code="f">Ecography</subfield>
    </datafield>
    <datafield tag="917" ind1=" " ind2=" ">
      <subfield code="a">issued</subfield>
    </datafield>
    <datafield tag="918" ind1="2" ind2=" ">
      <subfield code="a">John Wiley &amp; Sons, Inc</subfield>
      <subfield code="e">provider</subfield>
      <subfield code="5">DNAL</subfield>
    </datafield>
    <datafield tag="935" ind1=" " ind2=" ">
      <subfield code="a">IND500647190</subfield>
      <subfield code="9">ExL</subfield>
    </datafield>
    <datafield tag="949" ind1=" " ind2=" ">
      <subfield code="a">2013-08-14</subfield>
    </datafield>
    <datafield tag="951" ind1=" " ind2=" ">
      <subfield code="a">2013-04-08</subfield>
    </datafield>
    <datafield tag="953" ind1=" " ind2=" ">
      <subfield code="a">09067590_2013_36_1.xml</subfield>
    </datafield>
    <datafield tag="962" ind1=" " ind2=" ">
      <subfield code="a">Batch:314 annotated on 2013-08-07T11:20:19Z</subfield>
    </datafield>
    <datafield tag="962" ind1=" " ind2=" ">
      <subfield code="a">Batch:314 reviewed on 2013-08-14T15:00:02Z</subfield>
    </datafield>
    <datafield tag="962" ind1=" " ind2=" ">
      <subfield code="a">Batch:314 reviewed on 2013-08-14T16:00:01Z</subfield>
    </datafield>
    <datafield tag="974" ind1=" " ind2=" ">
      <subfield code="a">agid:516210</subfield>
    </datafield>
  </record>