
  <record>
    <leader>04469nab a2200685 u 4500</leader>
    <controlfield tag="001">9915616899307426</controlfield>
    <controlfield tag="005">20221119001416.0</controlfield>
    <controlfield tag="008">151127e200810 xx |||||o|||||||||||eng||</controlfield>
    <datafield tag="016" ind1="7" ind2=" ">
      <subfield code="a">IND500651805</subfield>
      <subfield code="2">DNAL</subfield>
    </datafield>
    <datafield tag="024" ind1="7" ind2=" ">
      <subfield code="a">10.3170/2008-8-18433</subfield>
      <subfield code="2">doi</subfield>
    </datafield>
    <datafield tag="035" ind1=" " ind2=" ">
      <subfield code="a">agid:183800-01nal_inst</subfield>
    </datafield>
    <datafield tag="040" ind1=" " ind2=" ">
      <subfield code="a">AGL</subfield>
      <subfield code="b">eng</subfield>
      <subfield code="c">AGL</subfield>
    </datafield>
    <datafield tag="100" ind1="1" ind2=" ">
      <subfield code="a">Ranius, Thomas</subfield>
      <subfield code="e">author</subfield>
      <subfield code="u">Swedish University of Agricultural Sciences, Department of Ecology, P.O.
        Box 7044, SE-750 07 Uppsala, Sweden</subfield>
    </datafield>
    <datafield tag="245" ind1="1" ind2="4">
      <subfield code="a">The influence of tree age and microhabitat quality on the occurrence of
        crustose lichens associated with old oaks</subfield>
    </datafield>
    <datafield tag="300" ind1=" " ind2=" ">
      <subfield code="a">p. 653-662.</subfield>
    </datafield>
    <datafield tag="520" ind1=" " ind2=" ">
      <subfield code="a">Questions: How do tree age, microhabitat characteristics and epiphytic
        competitors affect the occurrence of crustose lichens associated with old oaks? How do
        microhabitat characteristics and microclimate affect the cover of competitors (bryophytes
        and macrolichens)? How do microhabitat characteristics correlate with microclimatic
        variables?Location: Southeast Sweden.Methods: Eight crustose lichen species were surveyed on
        165 Quercus robur trees, 17––478 years old, at three study sites. The occurrence patterns of
        these species were examined at two spatial scales: among trees and within trees. Occurrence
        patterns within trees were examined in 10 cm ×× 10 cm plots at all four cardinal aspects at
        different heights from 0.5 to 4.5 m above the ground.Results: At the tree level, age-related
        factors were the most important predictors of species occurrence. All species were more
        frequent on trees &gt; 100 years than on younger trees. At the plot level, the frequency of
        occurrence increased with increasing bark crevice depth. The frequencies of all study
        species decreased with increasing cover of bryophytes. Bryophytes were in turn more frequent
        in plots that were exposed to rainwater and showed a low evaporation rate. Patches most
        exposed to rainwater were directed upwards, and the lowest evaporation rates occurred on the
        northern side of the trunks.Conclusions: For many crustose lichens the association with old
        oak trees seems at least partly to depend on their preference for the deep bark crevices
        that only occur on old trees. Trees represent epiphyte habitat patches that differ in size
        due to within-tree variability in habitat quality, such as bark crevice depth and
        microclimate. This study shows that variability at a finer scale, within habitat patches,
        contribute to explain species occurrence patterns at habitat patch level.Nomenclature:
        Santesson et al. (2004).</subfield>
    </datafield>
    <datafield tag="592" ind1=" " ind2=" ">
      <subfield code="a">Publisher supplied data</subfield>
    </datafield>
    <datafield tag="593" ind1=" " ind2=" ">
      <subfield code="a">PubAg article</subfield>
    </datafield>
    <datafield tag="650" ind1=" " ind2="3">
      <subfield code="a">Bryopsida</subfield>
    </datafield>
    <datafield tag="650" ind1=" " ind2="3">
      <subfield code="a">Quercus robur</subfield>
    </datafield>
    <datafield tag="650" ind1=" " ind2="3">
      <subfield code="a">bark</subfield>
    </datafield>
    <datafield tag="650" ind1=" " ind2="3">
      <subfield code="a">epiphytes</subfield>
    </datafield>
    <datafield tag="650" ind1=" " ind2="3">
      <subfield code="a">evaporation rate</subfield>
    </datafield>
    <datafield tag="650" ind1=" " ind2="3">
      <subfield code="a">lichens</subfield>
    </datafield>
    <datafield tag="650" ind1=" " ind2="3">
      <subfield code="a">microclimate</subfield>
    </datafield>
    <datafield tag="650" ind1=" " ind2="3">
      <subfield code="a">microhabitats</subfield>
    </datafield>
    <datafield tag="650" ind1=" " ind2="3">
      <subfield code="a">rain</subfield>
    </datafield>
    <datafield tag="650" ind1=" " ind2="3">
      <subfield code="a">tree age</subfield>
    </datafield>
    <datafield tag="650" ind1=" " ind2="3">
      <subfield code="a">trees</subfield>
    </datafield>
    <datafield tag="651" ind1=" " ind2="3">
      <subfield code="a">Sweden</subfield>
    </datafield>
    <datafield tag="653" ind1=" " ind2="0">
      <subfield code="a">Bark crevice</subfield>
    </datafield>
    <datafield tag="653" ind1=" " ind2="0">
      <subfield code="a">Epiphyte</subfield>
    </datafield>
    <datafield tag="653" ind1=" " ind2="0">
      <subfield code="a">Evaporation</subfield>
    </datafield>
    <datafield tag="653" ind1=" " ind2="0">
      <subfield code="a">Habitat patch size</subfield>
    </datafield>
    <datafield tag="653" ind1=" " ind2="0">
      <subfield code="a">Microclimate</subfield>
    </datafield>
    <datafield tag="653" ind1=" " ind2="0">
      <subfield code="a">Quercus robur</subfield>
    </datafield>
    <datafield tag="653" ind1=" " ind2="0">
      <subfield code="a">Sun exposure</subfield>
    </datafield>
    <datafield tag="700" ind1="1" ind2=" ">
      <subfield code="a">Johansson, Per</subfield>
      <subfield code="e">author</subfield>
      <subfield code="u">Swedish University of Agricultural Sciences, Department of Ecology, P.O.
        Box 7044, SE-750 07 Uppsala, Sweden</subfield>
    </datafield>
    <datafield tag="700" ind1="1" ind2=" ">
      <subfield code="a">Berg, Niclas</subfield>
      <subfield code="e">author</subfield>
      <subfield code="u">Swedish University of Agricultural Sciences, Department of Ecology, P.O.
        Box 7044, SE-750 07 Uppsala, Sweden</subfield>
    </datafield>
    <datafield tag="700" ind1="1" ind2=" ">
      <subfield code="a">Niklasson, Mats</subfield>
      <subfield code="e">author</subfield>
      <subfield code="u">Swedish University of Agricultural Sciences, Southern Swedish Forest
        Research Centre, P.O. Box 49, SE-230 53 Alnarp, Sweden</subfield>
    </datafield>
    <datafield tag="773" ind1="0" ind2=" ">
      <subfield code="t">Journal of vegetation science.</subfield>
      <subfield code="g">2008 Oct., v. 19, no. 5 p.653-662</subfield>
      <subfield code="d">Opulus Press Uppsala</subfield>
      <subfield code="x">1100-9233</subfield>
      <subfield code="7">nnas</subfield>
    </datafield>
    <datafield tag="787" ind1="1" ind2=" ">
      <subfield code="o">islandora_article_repository</subfield>
    </datafield>
    <datafield tag="787" ind1="1" ind2=" ">
      <subfield code="o">product_pubag</subfield>
    </datafield>
    <datafield tag="787" ind1="1" ind2=" ">
      <subfield code="o">(Journal)jnl46820</subfield>
    </datafield>
    <datafield tag="856" ind1="4" ind2="0">
      <subfield code="u">http://dx.doi.org/10.3170%2F2008-8-18433</subfield>
      <subfield code="3">Available from publisher's site</subfield>
    </datafield>
    <datafield tag="912" ind1=" " ind2=" ">
      <subfield code="a">Article</subfield>
    </datafield>
    <datafield tag="914" ind1=" " ind2=" ">
      <subfield code="a">Journal:jnl46820</subfield>
      <subfield code="b">1100-9233</subfield>
      <subfield code="c">19</subfield>
      <subfield code="d">5</subfield>
      <subfield code="e">653</subfield>
    </datafield>
    <datafield tag="914" ind1=" " ind2=" ">
      <subfield code="f">Journal of vegetation science</subfield>
    </datafield>
    <datafield tag="916" ind1=" " ind2=" ">
      <subfield code="a">Batch:663</subfield>
    </datafield>
    <datafield tag="917" ind1=" " ind2=" ">
      <subfield code="a">issued</subfield>
    </datafield>
    <datafield tag="918" ind1="2" ind2=" ">
      <subfield code="a">BioOne</subfield>
      <subfield code="e">provider</subfield>
      <subfield code="5">DNAL</subfield>
    </datafield>
    <datafield tag="935" ind1=" " ind2=" ">
      <subfield code="a">IND500651805</subfield>
      <subfield code="9">ExL</subfield>
    </datafield>
    <datafield tag="949" ind1=" " ind2=" ">
      <subfield code="a">2014-10-09</subfield>
    </datafield>
    <datafield tag="953" ind1=" " ind2=" ">
      <subfield code="a">VEGSv19i5-04290047-175034.zip</subfield>
    </datafield>
    <datafield tag="962" ind1=" " ind2=" ">
      <subfield code="a">Batch:663 annotated on 2014-09-16T12:27:54Z</subfield>
    </datafield>
    <datafield tag="962" ind1=" " ind2=" ">
      <subfield code="a">Batch:663 reviewed on 2014-10-08T16:00:02Z</subfield>
    </datafield>
    <datafield tag="962" ind1=" " ind2=" ">
      <subfield code="a">Batch:663 reviewed on 2014-10-09T04:00:02Z</subfield>
    </datafield>
    <datafield tag="974" ind1=" " ind2=" ">
      <subfield code="a">agid:183800</subfield>
    </datafield>
    <datafield tag="983" ind1=" " ind2=" ">
      <subfield code="a">2015-11-27</subfield>
    </datafield>
    <datafield tag="984" ind1=" " ind2=" ">
      <subfield code="a">2015-11-27</subfield>
    </datafield>
  </record>