
  <record>
    <leader>04730nab a2200661 u 4500</leader>
    <controlfield tag="001">9915617399407426</controlfield>
    <controlfield tag="005">20221119001258.0</controlfield>
    <controlfield tag="008">181029e201811 xx |||||o|||||||||||eng||</controlfield>
    <datafield tag="016" ind1="7" ind2=" ">
      <subfield code="a">IND606180951</subfield>
      <subfield code="2">DNAL</subfield>
    </datafield>
    <datafield tag="024" ind1="7" ind2=" ">
      <subfield code="a">10.1111/jbi.13438</subfield>
      <subfield code="2">doi</subfield>
    </datafield>
    <datafield tag="035" ind1=" " ind2=" ">
      <subfield code="a">agid:6180951-01nal_inst</subfield>
    </datafield>
    <datafield tag="040" ind1=" " ind2=" ">
      <subfield code="a">AGL</subfield>
      <subfield code="b">eng</subfield>
      <subfield code="c">AGL</subfield>
    </datafield>
    <datafield tag="100" ind1="1" ind2=" ">
      <subfield code="a">He, Jiekun</subfield>
      <subfield code="e">author</subfield>
      <subfield code="u">Spatial Ecology Laboratory, School of Life Sciences, South China Normal
        University, Guangzhou, China</subfield>
      <subfield code="1">https://orcid.org/0000-0001-9401-4208</subfield>
    </datafield>
    <datafield tag="245" ind1="1" ind2="0">
      <subfield code="a">Geographical and temporal origins of terrestrial vertebrates endemic to
        Taiwan</subfield>
    </datafield>
    <datafield tag="300" ind1=" " ind2=" ">
      <subfield code="a">p. 2458-2470.</subfield>
    </datafield>
    <datafield tag="500" ind1=" " ind2=" ">
      <subfield code="a">JOURNAL ARTICLE</subfield>
    </datafield>
    <datafield tag="520" ind1=" " ind2=" ">
      <subfield code="a">AIM: Phylogeographical studies of Taiwan have advanced our knowledge of the
        origins of its fauna, but the discrepancies raise issues related to the interpretation of
        single‐taxon studies. Here, we provide a synthesis of the biogeographical histories of
        multiple terrestrial vertebrates endemic to Taiwan and infer the colonization processes
        within the context of geological and climatic events. LOCATION: Taiwan and neighbouring land
        masses. TAXON: Terrestrial vertebrates. METHODS: We conducted a meta‐analysis of 28
        phylogenetic studies of 33 endemic Taiwanese terrestrial vertebrates to summarize the
        insights into their source regions and divergence times. We used
        dispersal–extinction–cladogenesis models to reconstruct the ancestral ranges of 54 endemic
        species based on a recently published time‐calibrated phylogenetic tree. By constructing a
        frequency histogram that quantified the number and timing of divergence events within 1 Myr
        bins, we inferred the spatiotemporal colonization patterns of endemic Taiwanese species.
        RESULTS: The results from 28 phylogenetic studies revealed that South China is the main
        source region of endemic Taiwanese species. However, based on a more comprehensive time
        tree, the ancestral area reconstruction analyses indicated that endemic species are
        predominately of Eastern Himalayan origin. Both datasets highlighted a temporal pattern that
        the majority of colonization events of terrestrial vertebrates endemic to Taiwan occurred
        from the early Pliocene (c. 5 Ma) onwards, and these events were temporally congruent with
        the geological estimates of the emergence of Taiwan Island. MAIN CONCLUSIONS: Terrestrial
        vertebrates endemic to Taiwan reached the island over the last 5 Myr from a variety of
        zoogeographical regions. In contrast to the traditional notion, the Eastern Himalayas is the
        most important source region of endemic Taiwanese species, followed by South China and
        Indochina. In addition to the land bridge, transoceanic dispersal provided another potential
        mode for species to colonize Taiwan.</subfield>
    </datafield>
    <datafield tag="592" ind1=" " ind2=" ">
      <subfield code="a">Publisher supplied data</subfield>
    </datafield>
    <datafield tag="593" ind1=" " ind2=" ">
      <subfield code="a">PubAg article</subfield>
    </datafield>
    <datafield tag="650" ind1=" " ind2="3">
      <subfield code="a">Pliocene epoch</subfield>
    </datafield>
    <datafield tag="650" ind1=" " ind2="3">
      <subfield code="a">data collection</subfield>
    </datafield>
    <datafield tag="650" ind1=" " ind2="3">
      <subfield code="a">fauna</subfield>
    </datafield>
    <datafield tag="650" ind1=" " ind2="3">
      <subfield code="a">indigenous species</subfield>
    </datafield>
    <datafield tag="650" ind1=" " ind2="3">
      <subfield code="a">meta-analysis</subfield>
    </datafield>
    <datafield tag="650" ind1=" " ind2="3">
      <subfield code="a">models</subfield>
    </datafield>
    <datafield tag="650" ind1=" " ind2="3">
      <subfield code="a">phylogeny</subfield>
    </datafield>
    <datafield tag="650" ind1=" " ind2="3">
      <subfield code="a">phylogeography</subfield>
    </datafield>
    <datafield tag="650" ind1=" " ind2="3">
      <subfield code="a">trees</subfield>
    </datafield>
    <datafield tag="650" ind1=" " ind2="3">
      <subfield code="a">vertebrates</subfield>
    </datafield>
    <datafield tag="650" ind1=" " ind2="3">
      <subfield code="a">zoogeography</subfield>
    </datafield>
    <datafield tag="651" ind1=" " ind2="3">
      <subfield code="a">China</subfield>
    </datafield>
    <datafield tag="651" ind1=" " ind2="3">
      <subfield code="a">Himalayan region</subfield>
    </datafield>
    <datafield tag="651" ind1=" " ind2="3">
      <subfield code="a">Indochina</subfield>
    </datafield>
    <datafield tag="651" ind1=" " ind2="3">
      <subfield code="a">Taiwan</subfield>
    </datafield>
    <datafield tag="700" ind1="1" ind2=" ">
      <subfield code="a">Gao, Zefang</subfield>
      <subfield code="e">author</subfield>
      <subfield code="u">Spatial Ecology Laboratory, School of Life Sciences, South China Normal
        University, Guangzhou, China</subfield>
    </datafield>
    <datafield tag="700" ind1="1" ind2=" ">
      <subfield code="a">Su, Yuanyuan</subfield>
      <subfield code="e">author</subfield>
      <subfield code="u">Spatial Ecology Laboratory, School of Life Sciences, South China Normal
        University, Guangzhou, China</subfield>
    </datafield>
    <datafield tag="700" ind1="1" ind2=" ">
      <subfield code="a">Lin, Siliang</subfield>
      <subfield code="e">author</subfield>
      <subfield code="u">Spatial Ecology Laboratory, School of Life Sciences, South China Normal
        University, Guangzhou, China</subfield>
    </datafield>
    <datafield tag="700" ind1="1" ind2=" ">
      <subfield code="a">Jiang, Haisheng</subfield>
      <subfield code="e">author</subfield>
      <subfield code="u">Spatial Ecology Laboratory, School of Life Sciences, South China Normal
        University, Guangzhou, China</subfield>
    </datafield>
    <datafield tag="773" ind1="0" ind2=" ">
      <subfield code="t">Journal of biogeography.</subfield>
      <subfield code="g">2018 Nov., v. 45, no. 11 p.2458-2470</subfield>
      <subfield code="d">John Wiley &amp; Sons, Ltd</subfield>
      <subfield code="w">Journal:jnl9765</subfield>
      <subfield code="x">0305-0270</subfield>
      <subfield code="7">nnas</subfield>
    </datafield>
    <datafield tag="787" ind1="1" ind2=" ">
      <subfield code="o">islandora_article_repository</subfield>
    </datafield>
    <datafield tag="787" ind1="1" ind2=" ">
      <subfield code="o">product_pubag</subfield>
    </datafield>
    <datafield tag="787" ind1="1" ind2=" ">
      <subfield code="o">(Journal)jnl9765</subfield>
    </datafield>
    <datafield tag="856" ind1="4" ind2="0">
      <subfield code="u">http://dx.doi.org/10.1111/jbi.13438</subfield>
      <subfield code="3">Available from publisher's site</subfield>
    </datafield>
    <datafield tag="912" ind1=" " ind2=" ">
      <subfield code="a">Article</subfield>
    </datafield>
    <datafield tag="914" ind1=" " ind2=" ">
      <subfield code="a">Journal:jnl9765</subfield>
      <subfield code="b">0305-0270</subfield>
      <subfield code="c">45</subfield>
      <subfield code="d">11</subfield>
      <subfield code="e">2458</subfield>
    </datafield>
    <datafield tag="914" ind1=" " ind2=" ">
      <subfield code="f">Journal of biogeography</subfield>
    </datafield>
    <datafield tag="916" ind1=" " ind2=" ">
      <subfield code="a">Batch:2110</subfield>
    </datafield>
    <datafield tag="917" ind1=" " ind2=" ">
      <subfield code="a">issued</subfield>
    </datafield>
    <datafield tag="918" ind1="2" ind2=" ">
      <subfield code="a">John Wiley &amp; Sons, Inc</subfield>
      <subfield code="e">provider</subfield>
      <subfield code="5">DNAL</subfield>
    </datafield>
    <datafield tag="935" ind1=" " ind2=" ">
      <subfield code="a">IND606180951</subfield>
      <subfield code="9">ExL</subfield>
    </datafield>
    <datafield tag="949" ind1=" " ind2=" ">
      <subfield code="a">2018-12-13</subfield>
    </datafield>
    <datafield tag="953" ind1=" " ind2=" ">
      <subfield code="a">/data/metadata/incoming/wiley/03050270_2018_45_11.xml</subfield>
    </datafield>
    <datafield tag="954" ind1=" " ind2=" ">
      <subfield code="a">file:/data/metadata/staging/wiley/03050270_2018_45_11.xml</subfield>
    </datafield>
    <datafield tag="955" ind1=" " ind2=" ">
      <subfield code="a">/data/metadata/staging/wiley/</subfield>
    </datafield>
    <datafield tag="962" ind1=" " ind2=" ">
      <subfield code="a">Batch:2110 reviewed on 2018-12-13T15:00:03Z</subfield>
    </datafield>
    <datafield tag="974" ind1=" " ind2=" ">
      <subfield code="a">agid:6180951</subfield>
    </datafield>
    <datafield tag="983" ind1=" " ind2=" ">
      <subfield code="a">2018-10-29</subfield>
    </datafield>
    <datafield tag="984" ind1=" " ind2=" ">
      <subfield code="a">2018-12-13</subfield>
    </datafield>
  </record>