
  <record>
    <leader>03918nab a2200577 u 4500</leader>
    <controlfield tag="001">9915618002007426</controlfield>
    <controlfield tag="005">20221118231803.0</controlfield>
    <controlfield tag="008">211106e202111 xx |||||o|||||||||||eng||</controlfield>
    <datafield tag="016" ind1="7" ind2=" ">
      <subfield code="a">IND607513094</subfield>
      <subfield code="2">DNAL</subfield>
    </datafield>
    <datafield tag="024" ind1="7" ind2=" ">
      <subfield code="a">10.1016/j.gecco.2021.e01834</subfield>
      <subfield code="2">doi</subfield>
    </datafield>
    <datafield tag="035" ind1=" " ind2=" ">
      <subfield code="a">agid:7513094-01nal_inst</subfield>
    </datafield>
    <datafield tag="040" ind1=" " ind2=" ">
      <subfield code="a">AGL</subfield>
      <subfield code="b">eng</subfield>
      <subfield code="c">AGL</subfield>
    </datafield>
    <datafield tag="100" ind1="1" ind2=" ">
      <subfield code="a">Aguilar-Tomasini, Maria A.</subfield>
      <subfield code="e">author</subfield>
      <subfield code="u">Department of Natural History, NTNU University Museum, Norwegian University
        of Science and Technology, 7491 Trondheim, Norway</subfield>
    </datafield>
    <datafield tag="245" ind1="1" ind2="0">
      <subfield code="a">Assessing spatial patterns of phylogenetic diversity of Mexican mammals for
        biodiversity conservation</subfield>
    </datafield>
    <datafield tag="520" ind1=" " ind2=" ">
      <subfield code="a">Phylogenetic diversity is a biodiversity measurement that describes the
        amount of evolutionary history contained by the taxonomic units in a region. It has proven
        to be an important metric for determining conservation priorities. Mammalian phylogenetic
        diversity patterns have been suggested as potential surrogates of biodiversity for
        establishing priority areas for conservation. This study aims to identify areas of high
        mammalian phylogenetic diversity in Mexico, a megadiverse country with high mammalian
        richness, and to assess how well protected areas encompass the phylogenetic diversity. IUCN
        distribution data for 479 Mexican mammals were used to estimate species richness. Data for
        the molecular markers cytB, 12S and COI, was gathered from GenBank and from laboratory
        extractions for reconstructing a maximum-likelihood phylogenetic tree. Spatial patterns in
        phylogenetic diversity were estimated by summing the branch lengths of the phylogenetic tree
        representing species presence across grid cells. The results were compared with the
        distribution of protected areas in Mexico in order to assess if phylogenetic diversity is
        effectively conserved. The southeastern part of Mexico was found to be the most diverse. The
        breadth of the phylogenetic tree was well represented within the protected areas.
        Beta-diversity analyses showed that the species composition between protected and
        unprotected areas is very similar. Protected areas group based on the phylogenetic
        composition of mammal species into three clusters corresponding to the Nearctic,
        Neotropical, and Mexican Transition Zone biogeographical regions, which suggests that
        protected areas could be managed based on these clusters.</subfield>
    </datafield>
    <datafield tag="592" ind1=" " ind2=" ">
      <subfield code="a">Publisher supplied data</subfield>
    </datafield>
    <datafield tag="593" ind1=" " ind2=" ">
      <subfield code="a">PubAg article</subfield>
    </datafield>
    <datafield tag="650" ind1=" " ind2="3">
      <subfield code="a">Nearctic region</subfield>
    </datafield>
    <datafield tag="650" ind1=" " ind2="3">
      <subfield code="a">Neotropics</subfield>
    </datafield>
    <datafield tag="650" ind1=" " ind2="3">
      <subfield code="a">biodiversity conservation</subfield>
    </datafield>
    <datafield tag="650" ind1=" " ind2="3">
      <subfield code="a">geographical distribution</subfield>
    </datafield>
    <datafield tag="650" ind1=" " ind2="3">
      <subfield code="a">mammals</subfield>
    </datafield>
    <datafield tag="650" ind1=" " ind2="3">
      <subfield code="a">phylogeny</subfield>
    </datafield>
    <datafield tag="650" ind1=" " ind2="3">
      <subfield code="a">species richness</subfield>
    </datafield>
    <datafield tag="650" ind1=" " ind2="3">
      <subfield code="a">statistical analysis</subfield>
    </datafield>
    <datafield tag="651" ind1=" " ind2="3">
      <subfield code="a">Mexico</subfield>
    </datafield>
    <datafield tag="653" ind1=" " ind2="0">
      <subfield code="a">Phylogenetic diversity</subfield>
    </datafield>
    <datafield tag="653" ind1=" " ind2="0">
      <subfield code="a">Conservation</subfield>
    </datafield>
    <datafield tag="653" ind1=" " ind2="0">
      <subfield code="a">Protected areas</subfield>
    </datafield>
    <datafield tag="700" ind1="1" ind2=" ">
      <subfield code="a">Martin, Michael D.</subfield>
      <subfield code="e">author</subfield>
      <subfield code="u">Department of Natural History, NTNU University Museum, Norwegian University
        of Science and Technology, 7491 Trondheim, Norway</subfield>
    </datafield>
    <datafield tag="700" ind1="1" ind2=" ">
      <subfield code="a">Speed, James D.M.</subfield>
      <subfield code="e">author</subfield>
    </datafield>
    <datafield tag="773" ind1="0" ind2=" ">
      <subfield code="t">Global ecology and conservation.</subfield>
      <subfield code="g">2021 Nov., v. 31 p.e01834-</subfield>
      <subfield code="d">Elsevier B.V.</subfield>
      <subfield code="w">Journal:23212</subfield>
      <subfield code="x">2351-9894</subfield>
      <subfield code="7">nnas</subfield>
    </datafield>
    <datafield tag="787" ind1="1" ind2=" ">
      <subfield code="o">islandora_article_repository</subfield>
    </datafield>
    <datafield tag="787" ind1="1" ind2=" ">
      <subfield code="o">product_pubag</subfield>
    </datafield>
    <datafield tag="787" ind1="1" ind2=" ">
      <subfield code="o">(Journal)23212</subfield>
    </datafield>
    <datafield tag="856" ind1="4" ind2="0">
      <subfield code="u">https://dx.doi.org/10.1016/j.gecco.2021.e01834</subfield>
      <subfield code="3">Available from publisher's site</subfield>
    </datafield>
    <datafield tag="912" ind1=" " ind2=" ">
      <subfield code="a">Article</subfield>
    </datafield>
    <datafield tag="914" ind1=" " ind2=" ">
      <subfield code="a">Journal:23212</subfield>
      <subfield code="b">2351-9894</subfield>
      <subfield code="e">e01834</subfield>
    </datafield>
    <datafield tag="914" ind1=" " ind2=" ">
      <subfield code="f">Global ecology and conservation</subfield>
    </datafield>
    <datafield tag="916" ind1=" " ind2=" ">
      <subfield code="a">Batch:10205</subfield>
    </datafield>
    <datafield tag="917" ind1=" " ind2=" ">
      <subfield code="a">issued</subfield>
    </datafield>
    <datafield tag="918" ind1="2" ind2=" ">
      <subfield code="a">Elsevier Consyn</subfield>
      <subfield code="e">provider</subfield>
      <subfield code="5">DNAL</subfield>
    </datafield>
    <datafield tag="935" ind1=" " ind2=" ">
      <subfield code="a">IND607513094</subfield>
      <subfield code="9">ExL</subfield>
    </datafield>
    <datafield tag="949" ind1=" " ind2=" ">
      <subfield code="a">2022-02-22</subfield>
    </datafield>
    <datafield tag="952" ind1=" " ind2=" ">
      <subfield code="d">NAL-AP-2-clean</subfield>
    </datafield>
    <datafield tag="953" ind1=" " ind2=" ">
      <subfield code="a">/data/metadata/incoming/consyn/155954355040869605-00004-HEAD-ONLY-NEW
        CONSYN ISSNS.zip</subfield>
    </datafield>
    <datafield tag="954" ind1=" " ind2=" ">
      <subfield code="a">file:/data/metadata/staging/consyn/S235198942100384X.xml</subfield>
    </datafield>
    <datafield tag="955" ind1=" " ind2=" ">
      <subfield code="a">/data/metadata/staging/consyn/</subfield>
    </datafield>
    <datafield tag="974" ind1=" " ind2=" ">
      <subfield code="a">agid:7513094</subfield>
    </datafield>
    <datafield tag="983" ind1=" " ind2=" ">
      <subfield code="a">2021-11-06</subfield>
    </datafield>
    <datafield tag="984" ind1=" " ind2=" ">
      <subfield code="a">2022-02-19</subfield>
    </datafield>
  </record>