
  <record>
    <leader>03983nab a2200661 u 4500</leader>
    <controlfield tag="001">9915618095407426</controlfield>
    <controlfield tag="005">20221118231806.0</controlfield>
    <controlfield tag="008">180319e200306 xx |||||o|||||||||||eng||</controlfield>
    <datafield tag="016" ind1="7" ind2=" ">
      <subfield code="a">IND605875201</subfield>
      <subfield code="2">DNAL</subfield>
    </datafield>
    <datafield tag="024" ind1="7" ind2=" ">
      <subfield code="a">10.1890/1051-0761(2003)013[0704:SPACOH]2.0.CO;2</subfield>
      <subfield code="2">doi</subfield>
    </datafield>
    <datafield tag="035" ind1=" " ind2=" ">
      <subfield code="a">agid:5875201-01nal_inst</subfield>
    </datafield>
    <datafield tag="040" ind1=" " ind2=" ">
      <subfield code="a">AGL</subfield>
      <subfield code="b">eng</subfield>
      <subfield code="c">AGL</subfield>
    </datafield>
    <datafield tag="100" ind1="1" ind2=" ">
      <subfield code="a">Taylor, Alan H.</subfield>
      <subfield code="e">author</subfield>
      <subfield code="u">Department of Geography, Pennsylvania State University, 302 Walker
        Building, University Park, Pennsylvania 16802 USA</subfield>
    </datafield>
    <datafield tag="245" ind1="1" ind2="0">
      <subfield code="a">Spatial patterns and controls on historical fire regimes and forest
        structure in the klamath mountains</subfield>
    </datafield>
    <datafield tag="300" ind1=" " ind2=" ">
      <subfield code="a">p. 704-719.</subfield>
    </datafield>
    <datafield tag="500" ind1=" " ind2=" ">
      <subfield code="a">JOURNAL ARTICLE</subfield>
    </datafield>
    <datafield tag="520" ind1=" " ind2=" ">
      <subfield code="a">Fire exclusion in mixed conifer forests has increased the risk of fire due
        to decades of fuel accumulation. Restoration of fire into altered forests is a challenge
        because of a poor understanding of the spatial and temporal dynamics of fire regimes. In
        this study the spatial and temporal characteristics of fire regimes and forest age structure
        are reconstructed in a 2325‐ha mixed conifer forest in the Klamath Mountains. Forests were
        multiaged and burned frequently at low and moderate severity, but forest age structure did
        not vary with aspect, elevation, or topographic position. Recently there has been an
        increase in forest density and a forest compositional shift to shade‐tolerant species.
        Median fire return intervals (FRI) ranged from 11.5 to 16.5 yr and varied with aspect but
        not with forest composition or elevation. The median area burned was 106 ha, and the
        pre‐Euro‐American fire rotation of 19 yr increased to 238 yr after 1905. Intra‐annual
        position of fire scars in the tree rings indicates that 93% of fires occurred during the dry
        midsummer through fall period. Spatial patterns of sites with similar fire dates were
        spatially coherent and separated from others by topographic features that influence fire
        spread. Thus, patterns of fire occurrence tended to be fixed in space with timing of fires
        varying among groups of sites. Spatial and temporal patterns of fire occurrence suggest that
        managers using physical features to contain prescribed fire will create burn patterns
        consistent with historical fires in the Klamath Mountains. Corresponding Editor: B. J.
        Bond</subfield>
    </datafield>
    <datafield tag="592" ind1=" " ind2=" ">
      <subfield code="a">Publisher supplied data</subfield>
    </datafield>
    <datafield tag="593" ind1=" " ind2=" ">
      <subfield code="a">PubAg article</subfield>
    </datafield>
    <datafield tag="650" ind1=" " ind2="3">
      <subfield code="a">age structure</subfield>
    </datafield>
    <datafield tag="650" ind1=" " ind2="3">
      <subfield code="a">autumn</subfield>
    </datafield>
    <datafield tag="650" ind1=" " ind2="3">
      <subfield code="a">coniferous forests</subfield>
    </datafield>
    <datafield tag="650" ind1=" " ind2="3">
      <subfield code="a">fire regime</subfield>
    </datafield>
    <datafield tag="650" ind1=" " ind2="3">
      <subfield code="a">fire scars</subfield>
    </datafield>
    <datafield tag="650" ind1=" " ind2="3">
      <subfield code="a">fire spread</subfield>
    </datafield>
    <datafield tag="650" ind1=" " ind2="3">
      <subfield code="a">fires</subfield>
    </datafield>
    <datafield tag="650" ind1=" " ind2="3">
      <subfield code="a">fuels</subfield>
    </datafield>
    <datafield tag="650" ind1=" " ind2="3">
      <subfield code="a">fuels (fire ecology)</subfield>
    </datafield>
    <datafield tag="650" ind1=" " ind2="3">
      <subfield code="a">growth rings</subfield>
    </datafield>
    <datafield tag="650" ind1=" " ind2="3">
      <subfield code="a">mountains</subfield>
    </datafield>
    <datafield tag="650" ind1=" " ind2="3">
      <subfield code="a">prescribed burning</subfield>
    </datafield>
    <datafield tag="650" ind1=" " ind2="3">
      <subfield code="a">risk</subfield>
    </datafield>
    <datafield tag="650" ind1=" " ind2="3">
      <subfield code="a">shade tolerance</subfield>
    </datafield>
    <datafield tag="650" ind1=" " ind2="3">
      <subfield code="a">summer</subfield>
    </datafield>
    <datafield tag="650" ind1=" " ind2="3">
      <subfield code="a">temporal variation</subfield>
    </datafield>
    <datafield tag="650" ind1=" " ind2="3">
      <subfield code="a">topography</subfield>
    </datafield>
    <datafield tag="651" ind1=" " ind2="3">
      <subfield code="a">Western United States</subfield>
    </datafield>
    <datafield tag="700" ind1="1" ind2=" ">
      <subfield code="a">Skinner, Carl N.</subfield>
      <subfield code="e">author</subfield>
      <subfield code="u">USDA Forest Service, Pacific Southwest Research Station, 2400 Washington
        Avenue, Redding, California 96001 USA</subfield>
    </datafield>
    <datafield tag="773" ind1="0" ind2=" ">
      <subfield code="t">Ecological applications.</subfield>
      <subfield code="g">2003 June, v. 13, no. 3 p.704-719</subfield>
      <subfield code="d">Ecological Society of America</subfield>
      <subfield code="w">Journal:jnl47193</subfield>
      <subfield code="x">1051-0761</subfield>
      <subfield code="7">nnas</subfield>
    </datafield>
    <datafield tag="787" ind1="1" ind2=" ">
      <subfield code="o">islandora_article_repository</subfield>
    </datafield>
    <datafield tag="787" ind1="1" ind2=" ">
      <subfield code="o">product_pubag</subfield>
    </datafield>
    <datafield tag="787" ind1="1" ind2=" ">
      <subfield code="o">(Journal)jnl47193</subfield>
    </datafield>
    <datafield tag="856" ind1="4" ind2="0">
      <subfield code="u"
        >https://dx.doi.org/10.1890/1051-0761(2003)013%5B0704:SPACOH%5D2.0.CO;2</subfield>
      <subfield code="3">Available from publisher's site</subfield>
    </datafield>
    <datafield tag="912" ind1=" " ind2=" ">
      <subfield code="a">Article</subfield>
    </datafield>
    <datafield tag="914" ind1=" " ind2=" ">
      <subfield code="a">Journal:jnl47193</subfield>
      <subfield code="b">1051-0761</subfield>
      <subfield code="c">13</subfield>
      <subfield code="d">3</subfield>
      <subfield code="e">704</subfield>
    </datafield>
    <datafield tag="914" ind1=" " ind2=" ">
      <subfield code="f">Ecological applications</subfield>
    </datafield>
    <datafield tag="916" ind1=" " ind2=" ">
      <subfield code="a">Batch:1909</subfield>
    </datafield>
    <datafield tag="917" ind1=" " ind2=" ">
      <subfield code="a">issued</subfield>
    </datafield>
    <datafield tag="918" ind1="2" ind2=" ">
      <subfield code="a">John Wiley &amp; Sons, Inc</subfield>
      <subfield code="e">provider</subfield>
      <subfield code="5">DNAL</subfield>
    </datafield>
    <datafield tag="935" ind1=" " ind2=" ">
      <subfield code="a">IND605875201</subfield>
      <subfield code="9">ExL</subfield>
    </datafield>
    <datafield tag="949" ind1=" " ind2=" ">
      <subfield code="a">2018-03-19</subfield>
    </datafield>
    <datafield tag="953" ind1=" " ind2=" ">
      <subfield code="a">/data/metadata/incoming/wiley/10510761_2003_13_3.xml</subfield>
    </datafield>
    <datafield tag="954" ind1=" " ind2=" ">
      <subfield code="a">file:/data/metadata/staging/wiley/10510761_2003_13_3.xml</subfield>
    </datafield>
    <datafield tag="955" ind1=" " ind2=" ">
      <subfield code="a">/data/metadata/staging/wiley/</subfield>
    </datafield>
    <datafield tag="961" ind1=" " ind2=" ">
      <subfield code="a">USDA/FS</subfield>
    </datafield>
    <datafield tag="974" ind1=" " ind2=" ">
      <subfield code="a">agid:5875201</subfield>
    </datafield>
    <datafield tag="983" ind1=" " ind2=" ">
      <subfield code="a">2018-03-19</subfield>
    </datafield>
    <datafield tag="984" ind1=" " ind2=" ">
      <subfield code="a">2018-03-19</subfield>
    </datafield>
  </record>