
  <record>
    <leader>04018nab a2200637 u 4500</leader>
    <controlfield tag="001">9915618319607426</controlfield>
    <controlfield tag="005">20221118231013.0</controlfield>
    <controlfield tag="008">190318e201310 xx |||||o|||||||||||eng||</controlfield>
    <datafield tag="016" ind1="7" ind2=" ">
      <subfield code="a">IND600869299</subfield>
      <subfield code="2">DNAL</subfield>
    </datafield>
    <datafield tag="024" ind1="7" ind2=" ">
      <subfield code="a">10.1016/j.apgeog.2013.07.009</subfield>
      <subfield code="2">doi</subfield>
    </datafield>
    <datafield tag="024" ind1="7" ind2=" ">
      <subfield code="a">PMC4139116</subfield>
      <subfield code="2">pmcid</subfield>
    </datafield>
    <datafield tag="024" ind1="7" ind2=" ">
      <subfield code="a">25152552</subfield>
      <subfield code="2">pmid</subfield>
    </datafield>
    <datafield tag="035" ind1=" " ind2=" ">
      <subfield code="a">agid:869299-01nal_inst</subfield>
    </datafield>
    <datafield tag="040" ind1=" " ind2=" ">
      <subfield code="a">AGL</subfield>
      <subfield code="b">eng</subfield>
      <subfield code="c">AGL</subfield>
    </datafield>
    <datafield tag="100" ind1="1" ind2=" ">
      <subfield code="a">Linard, Catherine</subfield>
      <subfield code="e">author</subfield>
      <subfield code="u">Biological Control and Spatial Ecology, Université Libre de Bruxelles, CP
        160/12, Av. F.D. Roosevelt 50, B-1050 Brussels, Belgium</subfield>
    </datafield>
    <datafield tag="245" ind1="1" ind2="0">
      <subfield code="a">Modelling spatial patterns of urban growth in Africa</subfield>
    </datafield>
    <datafield tag="300" ind1=" " ind2=" ">
      <subfield code="a">p. 23-32.</subfield>
    </datafield>
    <datafield tag="506" ind1=" " ind2=" ">
      <subfield code="a">Resource is Open Access</subfield>
      <subfield code="u">http://purl.org/eprint/accessRights/OpenAccess</subfield>
      <subfield code="f">Unrestricted online access</subfield>
      <subfield code="2">star</subfield>
    </datafield>
    <datafield tag="520" ind1=" " ind2=" ">
      <subfield code="a">The population of Africa is predicted to double over the next 40 years,
        driving exceptionally high urban expansion rates that will induce significant
        socio-economic, environmental and health changes. In order to prepare for these changes, it
        is important to better understand urban growth dynamics in Africa and better predict the
        spatial pattern of rural-urban conversions. Previous work on urban expansion has been
        carried out at the city level or at the global level with a relatively coarse 5–10 km
        resolution. The main objective of the present paper was to develop a modelling approach at
        an intermediate scale in order to identify factors that influence spatial patterns of urban
        expansion in Africa. Boosted Regression Tree models were developed to predict the spatial
        pattern of rural-urban conversions in every large African city. Urban change data between
        circa 1990 and circa 2000 available for 20 large cities across Africa were used as training
        data. Results showed that the urban land in a 1 km neighbourhood and the accessibility to
        the city centre were the most influential variables. Results obtained were generally more
        accurate than results obtained using a distance-based urban expansion model and showed that
        the spatial pattern of small, compact and fast growing cities were easier to simulate than
        cities with lower population densities and a lower growth rate. The simulation method
        developed here will allow the production of spatially detailed urban expansion forecasts for
        2020 and 2025 for Africa, data that are increasingly required by global change
        modellers.</subfield>
    </datafield>
    <datafield tag="592" ind1=" " ind2=" ">
      <subfield code="a">Publisher supplied data</subfield>
    </datafield>
    <datafield tag="593" ind1=" " ind2=" ">
      <subfield code="a">PubAg article</subfield>
    </datafield>
    <datafield tag="650" ind1=" " ind2="3">
      <subfield code="a">cities</subfield>
    </datafield>
    <datafield tag="650" ind1=" " ind2="3">
      <subfield code="a">geography</subfield>
    </datafield>
    <datafield tag="650" ind1=" " ind2="3">
      <subfield code="a">global change</subfield>
    </datafield>
    <datafield tag="650" ind1=" " ind2="3">
      <subfield code="a">models</subfield>
    </datafield>
    <datafield tag="650" ind1=" " ind2="3">
      <subfield code="a">population density</subfield>
    </datafield>
    <datafield tag="650" ind1=" " ind2="3">
      <subfield code="a">regression analysis</subfield>
    </datafield>
    <datafield tag="650" ind1=" " ind2="3">
      <subfield code="a">socioeconomics</subfield>
    </datafield>
    <datafield tag="650" ind1=" " ind2="3">
      <subfield code="a">urbanization</subfield>
    </datafield>
    <datafield tag="651" ind1=" " ind2="3">
      <subfield code="a">Africa</subfield>
    </datafield>
    <datafield tag="653" ind1=" " ind2="0">
      <subfield code="a">Africa</subfield>
    </datafield>
    <datafield tag="653" ind1=" " ind2="0">
      <subfield code="a">Urban growth</subfield>
    </datafield>
    <datafield tag="653" ind1=" " ind2="0">
      <subfield code="a">Modelling</subfield>
    </datafield>
    <datafield tag="653" ind1=" " ind2="0">
      <subfield code="a">Spatial pattern</subfield>
    </datafield>
    <datafield tag="653" ind1=" " ind2="0">
      <subfield code="a">Boosted regression trees</subfield>
    </datafield>
    <datafield tag="700" ind1="1" ind2=" ">
      <subfield code="a">Tatem, Andrew J.</subfield>
      <subfield code="e">author</subfield>
      <subfield code="u">Department of Geography and Environment, University of Southampton,
        Highfield, Southampton SO17 1BJ, UK</subfield>
    </datafield>
    <datafield tag="700" ind1="1" ind2=" ">
      <subfield code="a">Gilbert, Marius</subfield>
      <subfield code="e">author</subfield>
      <subfield code="u">Biological Control and Spatial Ecology, Université Libre de Bruxelles, CP
        160/12, Av. F.D. Roosevelt 50, B-1050 Brussels, Belgium</subfield>
    </datafield>
    <datafield tag="773" ind1="0" ind2=" ">
      <subfield code="t">Applied geography.</subfield>
      <subfield code="g">2013 Oct., v. 44 p.23-32</subfield>
      <subfield code="d">Elsevier Ltd</subfield>
      <subfield code="w">Journal:11785</subfield>
      <subfield code="x">0143-6228</subfield>
      <subfield code="7">nnas</subfield>
    </datafield>
    <datafield tag="787" ind1="1" ind2=" ">
      <subfield code="o">islandora_article_repository</subfield>
    </datafield>
    <datafield tag="787" ind1="1" ind2=" ">
      <subfield code="o">product_pubag</subfield>
    </datafield>
    <datafield tag="787" ind1="1" ind2=" ">
      <subfield code="o">(Journal)11785</subfield>
    </datafield>
    <datafield tag="856" ind1="4" ind2="0">
      <subfield code="u">https://dx.doi.org/10.1016/j.apgeog.2013.07.009</subfield>
      <subfield code="3">Available from publisher's site</subfield>
    </datafield>
    <datafield tag="912" ind1=" " ind2=" ">
      <subfield code="a">Article</subfield>
    </datafield>
    <datafield tag="914" ind1=" " ind2=" ">
      <subfield code="a">Journal:11785</subfield>
      <subfield code="b">0143-6228</subfield>
      <subfield code="c">44</subfield>
      <subfield code="e">23</subfield>
    </datafield>
    <datafield tag="914" ind1=" " ind2=" ">
      <subfield code="f">Applied geography</subfield>
    </datafield>
    <datafield tag="916" ind1=" " ind2=" ">
      <subfield code="a">Batch:955</subfield>
    </datafield>
    <datafield tag="917" ind1=" " ind2=" ">
      <subfield code="a">issued</subfield>
    </datafield>
    <datafield tag="918" ind1="2" ind2=" ">
      <subfield code="a">Elsevier Consyn</subfield>
      <subfield code="e">provider</subfield>
      <subfield code="5">DNAL</subfield>
    </datafield>
    <datafield tag="935" ind1=" " ind2=" ">
      <subfield code="a">IND600869299</subfield>
      <subfield code="9">ExL</subfield>
    </datafield>
    <datafield tag="949" ind1=" " ind2=" ">
      <subfield code="a">2019-03-18</subfield>
    </datafield>
    <datafield tag="953" ind1=" " ind2=" ">
      <subfield code="a">/data/metadata/incoming/consyn/46-2-00024-HEAD-ONLY.zip</subfield>
    </datafield>
    <datafield tag="954" ind1=" " ind2=" ">
      <subfield code="a">file:/data/metadata/staging/consyn/S0143622813001707.xml</subfield>
    </datafield>
    <datafield tag="955" ind1=" " ind2=" ">
      <subfield code="a">/data/metadata/staging/consyn/</subfield>
    </datafield>
    <datafield tag="974" ind1=" " ind2=" ">
      <subfield code="a">agid:869299</subfield>
    </datafield>
    <datafield tag="983" ind1=" " ind2=" ">
      <subfield code="a">2019-03-18</subfield>
    </datafield>
    <datafield tag="984" ind1=" " ind2=" ">
      <subfield code="a">2019-03-18</subfield>
    </datafield>
  </record>