
  <record>
    <leader>03972nab a2200529 u 4500</leader>
    <controlfield tag="001">9915618544307426</controlfield>
    <controlfield tag="005">20221118233809.0</controlfield>
    <controlfield tag="008">170731e20170730xx |||||o|||||||||||eng||</controlfield>
    <datafield tag="016" ind1="7" ind2=" ">
      <subfield code="a">IND605762957</subfield>
      <subfield code="2">DNAL</subfield>
    </datafield>
    <datafield tag="024" ind1="7" ind2=" ">
      <subfield code="a">10.1002/hyp.11238</subfield>
      <subfield code="2">doi</subfield>
    </datafield>
    <datafield tag="035" ind1=" " ind2=" ">
      <subfield code="a">agid:5762957-01nal_inst</subfield>
    </datafield>
    <datafield tag="040" ind1=" " ind2=" ">
      <subfield code="a">AGL</subfield>
      <subfield code="b">eng</subfield>
      <subfield code="c">AGL</subfield>
    </datafield>
    <datafield tag="100" ind1="1" ind2=" ">
      <subfield code="a">Haines, Heather A.</subfield>
      <subfield code="e">author</subfield>
      <subfield code="u">Australian Rivers Institute, Griffith University, Nathan, QLD, 4111,
        Australia</subfield>
    </datafield>
    <datafield tag="245" ind1="1" ind2="4">
      <subfield code="a">The implications of regional variations in rainfall for reconstructing
        rainfall patterns using tree rings</subfield>
    </datafield>
    <datafield tag="300" ind1=" " ind2=" ">
      <subfield code="a">p. 2951-2960.</subfield>
    </datafield>
    <datafield tag="500" ind1=" " ind2=" ">
      <subfield code="a">JOURNAL ARTICLE</subfield>
    </datafield>
    <datafield tag="520" ind1=" " ind2=" ">
      <subfield code="a">In Australia, multidecadal periods of floods and droughts have major
        economic consequences. Due to the short duration of Australian instrumental precipitation
        records, it is difficult to determine the patterns of these multidecadal periods. Proxy
        records can be used to create long‐term rainfall reconstructions for regions that are
        lacking instrumental data. However, the spatial extent over which single‐site proxy records
        can be applied is poorly understood. Southeast Queensland (SEQ) is an area where tree rings
        can be used to reconstruct long‐term rainfall patterns, but their regional representation is
        unknown. In this study, the spatial variability in rainfall across SEQ is investigated from
        1908 to 2007 using 140 instrumental rainfall stations. Pearson correlation analysis between
        stations is used to create groups at the r = 0.80, 0.85, and 0.90 correlation levels, and
        then annual deviations from the mean are determined. These patterns indicate that rainfall
        is not uniform across SEQ but can be broken into 2 main spatially consistent groups. Each of
        these groups is broken down into several subgroups with higher correlation levels. Long‐term
        streamflow records are found to be correlated to rainfall patterns local to the streamflow
        stations, indicating that analysis of extreme events should consider spatial precipitation
        variability. Finally, the only currently available proxy rainfall reconstruction for the
        region, a 140‐year Toona ciliata tree ring width record from Lamington National Park, is
        compared to rainfall groups at different correlation levels across all of SEQ. The
        correlation between the reconstruction and the rainfall station groupings is best for the
        groups within which the tree‐ring record is spatially located, and this correlation improves
        as rainfall group correlation increases. Correlation is nearly nonexistent for groupings
        located at a distance from the tree‐ring site. These results demonstrate the importance of
        assessing the spatial variability of precipitation so that the spatial applicability of
        proxy records can be assessed.</subfield>
    </datafield>
    <datafield tag="592" ind1=" " ind2=" ">
      <subfield code="a">Publisher supplied data</subfield>
    </datafield>
    <datafield tag="593" ind1=" " ind2=" ">
      <subfield code="a">PubAg article</subfield>
    </datafield>
    <datafield tag="650" ind1=" " ind2="3">
      <subfield code="a">Toona ciliata</subfield>
    </datafield>
    <datafield tag="650" ind1=" " ind2="3">
      <subfield code="a">correlation</subfield>
    </datafield>
    <datafield tag="650" ind1=" " ind2="3">
      <subfield code="a">drought</subfield>
    </datafield>
    <datafield tag="650" ind1=" " ind2="3">
      <subfield code="a">floods</subfield>
    </datafield>
    <datafield tag="650" ind1=" " ind2="3">
      <subfield code="a">growth rings</subfield>
    </datafield>
    <datafield tag="650" ind1=" " ind2="3">
      <subfield code="a">national parks</subfield>
    </datafield>
    <datafield tag="650" ind1=" " ind2="3">
      <subfield code="a">rain</subfield>
    </datafield>
    <datafield tag="650" ind1=" " ind2="3">
      <subfield code="a">stream flow</subfield>
    </datafield>
    <datafield tag="651" ind1=" " ind2="3">
      <subfield code="a">Queensland</subfield>
    </datafield>
    <datafield tag="700" ind1="1" ind2=" ">
      <subfield code="a">Olley, Jon M.</subfield>
      <subfield code="e">author</subfield>
      <subfield code="u">Australian Rivers Institute, Griffith University, Nathan, QLD, 4111,
        Australia</subfield>
    </datafield>
    <datafield tag="773" ind1="0" ind2=" ">
      <subfield code="t">Hydrological processes.</subfield>
      <subfield code="g">2017 July 30, v. 31, no. 16 p.2951-2960</subfield>
      <subfield code="d">John Wiley &amp; Sons, Ltd</subfield>
      <subfield code="x">0885-6087</subfield>
      <subfield code="7">nnas</subfield>
    </datafield>
    <datafield tag="787" ind1="1" ind2=" ">
      <subfield code="o">islandora_article_repository</subfield>
    </datafield>
    <datafield tag="787" ind1="1" ind2=" ">
      <subfield code="o">product_pubag</subfield>
    </datafield>
    <datafield tag="787" ind1="1" ind2=" ">
      <subfield code="o">(Journal)jnl3938466</subfield>
    </datafield>
    <datafield tag="856" ind1="4" ind2="0">
      <subfield code="u">http://dx.doi.org/10.1002/hyp.11238</subfield>
      <subfield code="3">Available from publisher's site</subfield>
    </datafield>
    <datafield tag="912" ind1=" " ind2=" ">
      <subfield code="a">Article</subfield>
    </datafield>
    <datafield tag="914" ind1=" " ind2=" ">
      <subfield code="a">Journal:jnl3938466</subfield>
      <subfield code="b">0885-6087</subfield>
      <subfield code="c">31</subfield>
      <subfield code="d">16</subfield>
      <subfield code="e">2951</subfield>
    </datafield>
    <datafield tag="914" ind1=" " ind2=" ">
      <subfield code="f">Hydrological processes</subfield>
    </datafield>
    <datafield tag="916" ind1=" " ind2=" ">
      <subfield code="a">Batch:1798</subfield>
    </datafield>
    <datafield tag="917" ind1=" " ind2=" ">
      <subfield code="a">issued</subfield>
    </datafield>
    <datafield tag="918" ind1="2" ind2=" ">
      <subfield code="a">John Wiley &amp; Sons, Inc</subfield>
      <subfield code="e">provider</subfield>
      <subfield code="5">DNAL</subfield>
    </datafield>
    <datafield tag="935" ind1=" " ind2=" ">
      <subfield code="a">IND605762957</subfield>
      <subfield code="9">ExL</subfield>
    </datafield>
    <datafield tag="949" ind1=" " ind2=" ">
      <subfield code="a">2017-09-25</subfield>
    </datafield>
    <datafield tag="953" ind1=" " ind2=" ">
      <subfield code="a">08856087_2017_31_16.xml</subfield>
    </datafield>
    <datafield tag="962" ind1=" " ind2=" ">
      <subfield code="a">Batch:1798 reviewed on 2017-09-25T15:00:02Z</subfield>
    </datafield>
    <datafield tag="974" ind1=" " ind2=" ">
      <subfield code="a">agid:5762957</subfield>
    </datafield>
    <datafield tag="983" ind1=" " ind2=" ">
      <subfield code="a">2017-07-31</subfield>
    </datafield>
    <datafield tag="984" ind1=" " ind2=" ">
      <subfield code="a">2017-09-25</subfield>
    </datafield>
  </record>