
  <record>
    <leader>04220nab a2200625 u 4500</leader>
    <controlfield tag="001">9915619008007426</controlfield>
    <controlfield tag="005">20221118234102.0</controlfield>
    <controlfield tag="008">141102e201211 xx |||||o|||||||||||eng||</controlfield>
    <datafield tag="016" ind1="7" ind2=" ">
      <subfield code="a">IND600869162</subfield>
      <subfield code="2">DNAL</subfield>
    </datafield>
    <datafield tag="024" ind1="7" ind2=" ">
      <subfield code="a">10.1016/j.apgeog.2012.06.012</subfield>
      <subfield code="2">doi</subfield>
    </datafield>
    <datafield tag="035" ind1=" " ind2=" ">
      <subfield code="a">agid:869162-01nal_inst</subfield>
    </datafield>
    <datafield tag="040" ind1=" " ind2=" ">
      <subfield code="a">AGL</subfield>
      <subfield code="b">eng</subfield>
      <subfield code="c">AGL</subfield>
    </datafield>
    <datafield tag="100" ind1="1" ind2=" ">
      <subfield code="a">Breyer, Betsy</subfield>
      <subfield code="e">author</subfield>
      <subfield code="u">Portland State University, Department of Geography, PO Box 751-GEOG,
        Portland State University, Portland, OR 97207-0751, USA. Electronic address:
        breyer@pdx.edu</subfield>
    </datafield>
    <datafield tag="245" ind1="1" ind2="0">
      <subfield code="a">Land-use, temperature, and single-family residential water use patterns in
        Portland, Oregon and Phoenix, Arizona</subfield>
    </datafield>
    <datafield tag="300" ind1=" " ind2=" ">
      <subfield code="a">p. 142-151.</subfield>
    </datafield>
    <datafield tag="520" ind1=" " ind2=" ">
      <subfield code="a">Adaptation to climate change requires urban water providers to develop a
        complex understanding of how temperature affects water use patterns. We used a geographic
        information system and statistical analysis to compare the spatial relationships among
        single-family residential water use patterns, land use characteristics, and temperature in
        Portland, Oregon and Phoenix, Arizona. We developed mean water use patterns at the census
        block group level using data from 2002 to 2009 in Portland and from 2000 to 2008 in Phoenix.
        These mean values were used to estimate the localized temperature sensitivity of water use
        in each census block group through an ordinary least squares regression with summer average
        air temperature. Taking the slopes of regression estimates as our dependent variable, we
        examined spatial relationships among temperature-sensitive water use patterns, housing
        density, impervious surfaces, low vegetation, and tree canopy extent. Temperature sensitive
        water use was found to be positively correlated with low vegetation and negatively
        correlated with impervious surfaces in both cities. Tree canopy coverage tends to increase
        with sensitivity in Portland, while the reverse relationship is found for Phoenix.
        Regression analysis indicates that building density explained the most variation in the
        dependent variable in Portland whereas, in Phoenix, the strongest correlations related to
        vegetation patterns. A comparative approach highlights the complex, localized correlations
        that exist among local climate regimes, urban landscapes, and water use patterns. Census
        block group-level water use analyses equips water providers with detailed information on the
        sensitivity of local water use to temperature variation, which could prove valuable to
        developing a viable municipal climate change adaptation strategy.</subfield>
    </datafield>
    <datafield tag="592" ind1=" " ind2=" ">
      <subfield code="a">Publisher supplied data</subfield>
    </datafield>
    <datafield tag="593" ind1=" " ind2=" ">
      <subfield code="a">PubAg article</subfield>
    </datafield>
    <datafield tag="650" ind1=" " ind2="3">
      <subfield code="a">air temperature</subfield>
    </datafield>
    <datafield tag="650" ind1=" " ind2="3">
      <subfield code="a">canopy</subfield>
    </datafield>
    <datafield tag="650" ind1=" " ind2="3">
      <subfield code="a">cities</subfield>
    </datafield>
    <datafield tag="650" ind1=" " ind2="3">
      <subfield code="a">climate</subfield>
    </datafield>
    <datafield tag="650" ind1=" " ind2="3">
      <subfield code="a">climate change</subfield>
    </datafield>
    <datafield tag="650" ind1=" " ind2="3">
      <subfield code="a">correlation</subfield>
    </datafield>
    <datafield tag="650" ind1=" " ind2="3">
      <subfield code="a">geographic information systems</subfield>
    </datafield>
    <datafield tag="650" ind1=" " ind2="3">
      <subfield code="a">geography</subfield>
    </datafield>
    <datafield tag="650" ind1=" " ind2="3">
      <subfield code="a">land use</subfield>
    </datafield>
    <datafield tag="650" ind1=" " ind2="3">
      <subfield code="a">landscapes</subfield>
    </datafield>
    <datafield tag="650" ind1=" " ind2="3">
      <subfield code="a">least squares</subfield>
    </datafield>
    <datafield tag="650" ind1=" " ind2="3">
      <subfield code="a">summer</subfield>
    </datafield>
    <datafield tag="650" ind1=" " ind2="3">
      <subfield code="a">trees</subfield>
    </datafield>
    <datafield tag="650" ind1=" " ind2="3">
      <subfield code="a">vegetation</subfield>
    </datafield>
    <datafield tag="651" ind1=" " ind2="3">
      <subfield code="a">Arizona</subfield>
    </datafield>
    <datafield tag="651" ind1=" " ind2="3">
      <subfield code="a">Oregon</subfield>
    </datafield>
    <datafield tag="700" ind1="1" ind2=" ">
      <subfield code="a">Chang, Heejun</subfield>
      <subfield code="e">author</subfield>
      <subfield code="u">Portland State University, Department of Geography, PO Box 751-GEOG,
        Portland State University, Portland, OR 97207-0751, USA. Electronic address:
        changh@pdx.edu</subfield>
    </datafield>
    <datafield tag="700" ind1="1" ind2=" ">
      <subfield code="a">Parandvash, G. Hossein</subfield>
      <subfield code="e">author</subfield>
      <subfield code="u">City of Portland, Water Bureau, 1120 SW Fifth Avenue, 6th Floor, Portland,
        OR 97204, USA. Electronic address: Hossein.Parandvash@portlandoregon.gov</subfield>
    </datafield>
    <datafield tag="773" ind1="0" ind2=" ">
      <subfield code="t">Applied geography.</subfield>
      <subfield code="g">2012 Nov., v. 35, no. 1-2 p.142-151</subfield>
      <subfield code="d">Elsevier Ltd</subfield>
      <subfield code="x">0143-6228</subfield>
      <subfield code="7">nnas</subfield>
    </datafield>
    <datafield tag="787" ind1="1" ind2=" ">
      <subfield code="o">islandora_article_repository</subfield>
    </datafield>
    <datafield tag="787" ind1="1" ind2=" ">
      <subfield code="o">product_pubag</subfield>
    </datafield>
    <datafield tag="787" ind1="1" ind2=" ">
      <subfield code="o">(Journal)11785</subfield>
    </datafield>
    <datafield tag="856" ind1="4" ind2="0">
      <subfield code="u">http://dx.doi.org/10.1016/j.apgeog.2012.06.012</subfield>
      <subfield code="3">Available from publisher's site</subfield>
    </datafield>
    <datafield tag="912" ind1=" " ind2=" ">
      <subfield code="a">Article</subfield>
    </datafield>
    <datafield tag="914" ind1=" " ind2=" ">
      <subfield code="a">Journal:11785</subfield>
      <subfield code="b">0143-6228</subfield>
      <subfield code="c">35</subfield>
      <subfield code="d">1-2</subfield>
      <subfield code="e">142</subfield>
    </datafield>
    <datafield tag="914" ind1=" " ind2=" ">
      <subfield code="f">Applied geography</subfield>
    </datafield>
    <datafield tag="916" ind1=" " ind2=" ">
      <subfield code="a">Batch:955</subfield>
    </datafield>
    <datafield tag="917" ind1=" " ind2=" ">
      <subfield code="a">issued</subfield>
    </datafield>
    <datafield tag="918" ind1="2" ind2=" ">
      <subfield code="a">Elsevier B.V.</subfield>
      <subfield code="e">provider</subfield>
      <subfield code="5">DNAL</subfield>
    </datafield>
    <datafield tag="935" ind1=" " ind2=" ">
      <subfield code="a">IND600869162</subfield>
      <subfield code="9">ExL</subfield>
    </datafield>
    <datafield tag="949" ind1=" " ind2=" ">
      <subfield code="a">2015-07-08</subfield>
    </datafield>
    <datafield tag="953" ind1=" " ind2=" ">
      <subfield code="a">NAL201700143622800350001.xml</subfield>
    </datafield>
    <datafield tag="962" ind1=" " ind2=" ">
      <subfield code="a">Batch:955 reviewed on 2015-07-08T04:00:03Z</subfield>
    </datafield>
    <datafield tag="962" ind1=" " ind2=" ">
      <subfield code="a">Batch:955 reviewed on 2015-07-08T16:00:03Z</subfield>
    </datafield>
    <datafield tag="974" ind1=" " ind2=" ">
      <subfield code="a">agid:869162</subfield>
    </datafield>
    <datafield tag="983" ind1=" " ind2=" ">
      <subfield code="a">2014-11-02</subfield>
    </datafield>
    <datafield tag="984" ind1=" " ind2=" ">
      <subfield code="a">2015-07-08</subfield>
    </datafield>
  </record>