
  <record>
    <leader>04262nab a2200649 u 4500</leader>
    <controlfield tag="001">9915619367307426</controlfield>
    <controlfield tag="005">20221118234558.0</controlfield>
    <controlfield tag="008">170712e201703 xx |||||o|||||||||||eng||</controlfield>
    <datafield tag="016" ind1="7" ind2=" ">
      <subfield code="a">IND605712643</subfield>
      <subfield code="2">DNAL</subfield>
    </datafield>
    <datafield tag="024" ind1="7" ind2=" ">
      <subfield code="a">10.1111/eea.12545</subfield>
      <subfield code="2">doi</subfield>
    </datafield>
    <datafield tag="035" ind1=" " ind2=" ">
      <subfield code="a">agid:5712643-01nal_inst</subfield>
    </datafield>
    <datafield tag="040" ind1=" " ind2=" ">
      <subfield code="a">AGL</subfield>
      <subfield code="b">eng</subfield>
      <subfield code="c">AGL</subfield>
    </datafield>
    <datafield tag="100" ind1="1" ind2=" ">
      <subfield code="a">Grosman, Amir H.</subfield>
      <subfield code="e">author</subfield>
      <subfield code="u">Institute for Biodiversity and Ecosystem Dynamics, University of Amsterdam,
        Science Park 904, 1098 XH, Amsterdam, The Netherlands</subfield>
    </datafield>
    <datafield tag="245" ind1="1" ind2="0">
      <subfield code="a">Parasitoids follow herbivorous insects to a novel host plant, generalist
        predators less so</subfield>
    </datafield>
    <datafield tag="300" ind1=" " ind2=" ">
      <subfield code="a">p. 261-271.</subfield>
    </datafield>
    <datafield tag="500" ind1=" " ind2=" ">
      <subfield code="a">JOURNAL ARTICLE</subfield>
    </datafield>
    <datafield tag="520" ind1=" " ind2=" ">
      <subfield code="a">The ‘enemy‐free space’ hypothesis predicts that herbivorous insects can
        escape their natural enemies by switching to a novel host plant, with consequences for the
        evolution of host plant specialisation. However, if natural enemies follow herbivores to
        their novel host plants, enemy‐free space may only be temporary. We tested this by studying
        the colonisation of the introduced tree Eucalyptus grandis (Hill) Maiden (Myrtaceae) by
        insects in Brazil, where various species of herbivores have added eucalyptus to their host
        plant range, which consists of native myrtaceous species such as guava. Some herbivores, for
        example, Thyrinteina leucoceraea Ringe (Lepidoptera: Geometridae), cause outbreaks in
        eucalyptus plantations but not on guava, possibly because eucalyptus offers enemy‐free
        space. We sampled herbivores (mainly Lepidoptera species) and natural enemies on eucalyptus
        and guava and assessed parasitism of Lepidoptera larvae on both host plant species during
        ca. 2 years. Overall, predators were encountered more frequently on guava than on
        eucalyptus. In contrast, parasitoids were encountered equally and parasitism rates of
        Lepidoptera larvae were similar on both host plants. This indicates that herbivores may
        escape some enemies by moving to a novel host plant. However, this escape may be temporary
        and may vary with time. We argue that studying temporal and spatial patterns of enemy‐free
        space and the response of natural enemies to host use changes of their herbivorous prey is
        essential for understanding the role of natural enemies in the evolution of host plant use
        by herbivorous arthropods.</subfield>
    </datafield>
    <datafield tag="592" ind1=" " ind2=" ">
      <subfield code="a">Publisher supplied data</subfield>
    </datafield>
    <datafield tag="593" ind1=" " ind2=" ">
      <subfield code="a">PubAg article</subfield>
    </datafield>
    <datafield tag="650" ind1=" " ind2="3">
      <subfield code="a">Eucalyptus grandis</subfield>
    </datafield>
    <datafield tag="650" ind1=" " ind2="3">
      <subfield code="a">Geometridae</subfield>
    </datafield>
    <datafield tag="650" ind1=" " ind2="3">
      <subfield code="a">arthropods</subfield>
    </datafield>
    <datafield tag="650" ind1=" " ind2="3">
      <subfield code="a">evolution</subfield>
    </datafield>
    <datafield tag="650" ind1=" " ind2="3">
      <subfield code="a">guavas</subfield>
    </datafield>
    <datafield tag="650" ind1=" " ind2="3">
      <subfield code="a">host plants</subfield>
    </datafield>
    <datafield tag="650" ind1=" " ind2="3">
      <subfield code="a">introduced plants</subfield>
    </datafield>
    <datafield tag="650" ind1=" " ind2="3">
      <subfield code="a">larvae</subfield>
    </datafield>
    <datafield tag="650" ind1=" " ind2="3">
      <subfield code="a">natural enemies</subfield>
    </datafield>
    <datafield tag="650" ind1=" " ind2="3">
      <subfield code="a">parasitism</subfield>
    </datafield>
    <datafield tag="650" ind1=" " ind2="3">
      <subfield code="a">parasitoids</subfield>
    </datafield>
    <datafield tag="650" ind1=" " ind2="3">
      <subfield code="a">phytophagous insects</subfield>
    </datafield>
    <datafield tag="650" ind1=" " ind2="3">
      <subfield code="a">plantations</subfield>
    </datafield>
    <datafield tag="650" ind1=" " ind2="3">
      <subfield code="a">predators</subfield>
    </datafield>
    <datafield tag="651" ind1=" " ind2="3">
      <subfield code="a">Brazil</subfield>
    </datafield>
    <datafield tag="700" ind1="1" ind2=" ">
      <subfield code="a">Holtz, Anderson Mathias</subfield>
      <subfield code="e">author</subfield>
      <subfield code="u">Department of Entomology, Federal University of Viçosa, Minas Gerais,
        Brazil</subfield>
    </datafield>
    <datafield tag="700" ind1="1" ind2=" ">
      <subfield code="a">Pallini, Angelo</subfield>
      <subfield code="e">author</subfield>
      <subfield code="u">Department of Entomology, Federal University of Viçosa, Minas Gerais,
        Brazil</subfield>
    </datafield>
    <datafield tag="700" ind1="1" ind2=" ">
      <subfield code="a">Sabelis, Maurice W.</subfield>
      <subfield code="e">author</subfield>
      <subfield code="u">Institute for Biodiversity and Ecosystem Dynamics, University of Amsterdam,
        Science Park 904, 1098 XH, Amsterdam, The Netherlands</subfield>
    </datafield>
    <datafield tag="700" ind1="1" ind2=" ">
      <subfield code="a">Janssen, Arne</subfield>
      <subfield code="e">author</subfield>
      <subfield code="u">Institute for Biodiversity and Ecosystem Dynamics, University of Amsterdam,
        Science Park 904, 1098 XH, Amsterdam, The Netherlands</subfield>
    </datafield>
    <datafield tag="773" ind1="0" ind2=" ">
      <subfield code="t">Entomologia experimentalis et applicata.</subfield>
      <subfield code="g">2017 Mar., v. 162, no. 3 p.261-271</subfield>
      <subfield code="d">John Wiley &amp; Sons, Ltd</subfield>
      <subfield code="x">0013-8703</subfield>
      <subfield code="7">nnas</subfield>
    </datafield>
    <datafield tag="787" ind1="1" ind2=" ">
      <subfield code="o">islandora_article_repository</subfield>
    </datafield>
    <datafield tag="787" ind1="1" ind2=" ">
      <subfield code="o">product_pubag</subfield>
    </datafield>
    <datafield tag="787" ind1="1" ind2=" ">
      <subfield code="o">(Journal)jnl46140</subfield>
    </datafield>
    <datafield tag="856" ind1="4" ind2="0">
      <subfield code="u">http://dx.doi.org/10.1111/eea.12545</subfield>
      <subfield code="3">Available from publisher's site</subfield>
    </datafield>
    <datafield tag="912" ind1=" " ind2=" ">
      <subfield code="a">Article</subfield>
    </datafield>
    <datafield tag="914" ind1=" " ind2=" ">
      <subfield code="a">Journal:jnl46140</subfield>
      <subfield code="b">0013-8703</subfield>
      <subfield code="c">162</subfield>
      <subfield code="d">3</subfield>
      <subfield code="e">261</subfield>
    </datafield>
    <datafield tag="914" ind1=" " ind2=" ">
      <subfield code="f">Entomologia experimentalis et applicata</subfield>
    </datafield>
    <datafield tag="916" ind1=" " ind2=" ">
      <subfield code="a">Batch:2210</subfield>
    </datafield>
    <datafield tag="917" ind1=" " ind2=" ">
      <subfield code="a">issued</subfield>
    </datafield>
    <datafield tag="918" ind1="2" ind2=" ">
      <subfield code="a">John Wiley &amp; Sons, Inc</subfield>
      <subfield code="e">provider</subfield>
      <subfield code="5">DNAL</subfield>
    </datafield>
    <datafield tag="935" ind1=" " ind2=" ">
      <subfield code="a">IND605712643</subfield>
      <subfield code="9">ExL</subfield>
    </datafield>
    <datafield tag="949" ind1=" " ind2=" ">
      <subfield code="a">2019-10-16</subfield>
    </datafield>
    <datafield tag="953" ind1=" " ind2=" ">
      <subfield code="a">00138703_2017_162_3.xml</subfield>
    </datafield>
    <datafield tag="962" ind1=" " ind2=" ">
      <subfield code="a">Batch:2210 reviewed on 2019-06-05T14:00:03Z</subfield>
    </datafield>
    <datafield tag="962" ind1=" " ind2=" ">
      <subfield code="a">Batch:2210 reviewed on 2019-10-16T15:00:03Z</subfield>
    </datafield>
    <datafield tag="974" ind1=" " ind2=" ">
      <subfield code="a">agid:5712643</subfield>
    </datafield>
    <datafield tag="983" ind1=" " ind2=" ">
      <subfield code="a">2017-07-12</subfield>
    </datafield>
    <datafield tag="984" ind1=" " ind2=" ">
      <subfield code="a">2019-10-16</subfield>
    </datafield>
  </record>