
  <record>
    <leader>05615nab a2200721 u 4500</leader>
    <controlfield tag="001">9915619591407426</controlfield>
    <controlfield tag="005">20221118234857.0</controlfield>
    <controlfield tag="008">170712e201703 xx |||||o|||||||||||eng||</controlfield>
    <datafield tag="016" ind1="7" ind2=" ">
      <subfield code="a">IND605712484</subfield>
      <subfield code="2">DNAL</subfield>
    </datafield>
    <datafield tag="024" ind1="7" ind2=" ">
      <subfield code="a">10.1002/ecy.1684</subfield>
      <subfield code="2">doi</subfield>
    </datafield>
    <datafield tag="035" ind1=" " ind2=" ">
      <subfield code="a">agid:5712484-01nal_inst</subfield>
    </datafield>
    <datafield tag="040" ind1=" " ind2=" ">
      <subfield code="a">AGL</subfield>
      <subfield code="b">eng</subfield>
      <subfield code="c">AGL</subfield>
    </datafield>
    <datafield tag="100" ind1="1" ind2=" ">
      <subfield code="a">D'Amato, Anthony W.</subfield>
      <subfield code="e">author</subfield>
      <subfield code="u">Rubenstein School of Environment and Natural Resources, University of
        Vermont, Burlington, Vermont, 05495, USA</subfield>
    </datafield>
    <datafield tag="245" ind1="1" ind2="0">
      <subfield code="a">Long‐term structural and biomass dynamics of virgin Tsuga canadensis–Pinus
        strobus forests after hurricane disturbance</subfield>
    </datafield>
    <datafield tag="300" ind1=" " ind2=" ">
      <subfield code="a">p. 721-733.</subfield>
    </datafield>
    <datafield tag="500" ind1=" " ind2=" ">
      <subfield code="a">JOURNAL ARTICLE</subfield>
    </datafield>
    <datafield tag="500" ind1=" " ind2=" ">
      <subfield code="a">2019-12-06</subfield>
    </datafield>
    <datafield tag="520" ind1=" " ind2=" ">
      <subfield code="a">The development of old‐growth forests in northeastern North America has
        largely been within the context of gap‐scale disturbances given the rarity of
        stand‐replacing disturbances. Using the 10‐ha old‐growth Harvard Tract and its associated
        90‐year history of measurements, including detailed surveys in 1989 and 2009, we document
        the long‐term structural and biomass development of an old‐growth Tsuga canadensis–Pinus
        strobus forest in southern New Hampshire, USA following a stand‐replacing hurricane in 1938.
        Measurements of aboveground biomass pools were integrated with data from second‐ and
        old‐growth T. canadensis forests to evaluate long‐term patterns in biomass development
        following this disturbance. Ecosystem structure across the Tract prior to the hurricane
        exhibited a high degree of spatial heterogeneity with the greatest levels of live tree basal
        area (70–129 m²/ha) on upper west‐facing slopes where P. strobus was dominant and intermixed
        with T. canadensis. Live‐tree biomass estimates for these stratified mixtures ranged from
        159 to 503 Mg/ha at the localized, plot scale (100 m²) and averaged 367 Mg/ha across these
        portions of the landscape approaching the upper bounds for eastern forests. Live‐tree
        biomass 71 years after the hurricane is more uniform and lower in magnitude, with
        T. canadensis currently the dominant overstory tree species throughout much of the
        landscape. Despite only one living P. strobus stem in the 2009 plots (and fewer than five
        stems known across the entire 10‐ha area), the detrital legacy of this species is pronounced
        with localized accumulations of coarse woody debris exceeding 237.7–404.2 m³/ha where this
        species once dominated the canopy. These patterns underscore the great sizes P. strobus
        attained in pre‐European landscapes and its great decay resistance relative to its forest
        associates. Total aboveground biomass pools in this 71‐year‐old forest (255 Mg/ha) are
        comparable to those in modern old‐growth ecosystems in the region that also lack abundant
        white pine. Results highlight the importance of disturbance legacies in affecting forest
        structural conditions over extended periods following stand‐replacing events and underscore
        that post‐disturbance salvage logging can alter ecosystem development for decades. Moreover,
        the dominant role of old‐growth P. strobus in live and detrital biomass pools before and
        after the hurricane, respectively, demonstrate the disproportionate influence this species
        likely had on carbon storage at localized scales prior to the widespread, selective
        harvesting of large P. strobus across the region in the 18th and 19th centuries.</subfield>
    </datafield>
    <datafield tag="592" ind1=" " ind2=" ">
      <subfield code="a">Publisher supplied data</subfield>
    </datafield>
    <datafield tag="593" ind1=" " ind2=" ">
      <subfield code="a">PubAg article</subfield>
    </datafield>
    <datafield tag="650" ind1=" " ind2="3">
      <subfield code="a">harvesting</subfield>
    </datafield>
    <datafield tag="650" ind1=" " ind2="3">
      <subfield code="a">canopy</subfield>
    </datafield>
    <datafield tag="650" ind1=" " ind2="3">
      <subfield code="a">old-growth forests</subfield>
    </datafield>
    <datafield tag="650" ind1=" " ind2="3">
      <subfield code="a">stems</subfield>
    </datafield>
    <datafield tag="650" ind1=" " ind2="3">
      <subfield code="a">salvage logging</subfield>
    </datafield>
    <datafield tag="650" ind1=" " ind2="3">
      <subfield code="a">landscapes</subfield>
    </datafield>
    <datafield tag="650" ind1=" " ind2="3">
      <subfield code="a">decay resistance</subfield>
    </datafield>
    <datafield tag="650" ind1=" " ind2="3">
      <subfield code="a">aboveground biomass</subfield>
    </datafield>
    <datafield tag="650" ind1=" " ind2="3">
      <subfield code="a">surveys</subfield>
    </datafield>
    <datafield tag="650" ind1=" " ind2="3">
      <subfield code="a">Tsuga</subfield>
    </datafield>
    <datafield tag="650" ind1=" " ind2="3">
      <subfield code="a">carbon sequestration</subfield>
    </datafield>
    <datafield tag="650" ind1=" " ind2="3">
      <subfield code="a">trees</subfield>
    </datafield>
    <datafield tag="650" ind1=" " ind2="3">
      <subfield code="a">coarse woody debris</subfield>
    </datafield>
    <datafield tag="650" ind1=" " ind2="3">
      <subfield code="a">hurricanes</subfield>
    </datafield>
    <datafield tag="650" ind1=" " ind2="3">
      <subfield code="a">ecosystems</subfield>
    </datafield>
    <datafield tag="650" ind1=" " ind2="3">
      <subfield code="a">spatial variation</subfield>
    </datafield>
    <datafield tag="650" ind1=" " ind2="3">
      <subfield code="a">stand basal area</subfield>
    </datafield>
    <datafield tag="650" ind1=" " ind2="3">
      <subfield code="a">overstory</subfield>
    </datafield>
    <datafield tag="651" ind1=" " ind2="3">
      <subfield code="a">New Hampshire</subfield>
    </datafield>
    <datafield tag="653" ind1=" " ind2="0">
      <subfield code="a">basal area</subfield>
    </datafield>
    <datafield tag="700" ind1="1" ind2=" ">
      <subfield code="a">Orwig, David A.</subfield>
      <subfield code="e">author</subfield>
      <subfield code="u">Harvard Forest, Harvard University, Petersham, Massachusetts, 01366,
        USA</subfield>
    </datafield>
    <datafield tag="700" ind1="1" ind2=" ">
      <subfield code="a">Foster, David R.</subfield>
      <subfield code="e">author</subfield>
      <subfield code="u">Harvard Forest, Harvard University, Petersham, Massachusetts, 01366,
        USA</subfield>
    </datafield>
    <datafield tag="700" ind1="1" ind2=" ">
      <subfield code="a">Barker Plotkin, Audrey</subfield>
      <subfield code="e">author</subfield>
      <subfield code="u">Harvard Forest, Harvard University, Petersham, Massachusetts, 01366,
        USA</subfield>
    </datafield>
    <datafield tag="700" ind1="1" ind2=" ">
      <subfield code="a">Schoonmaker, Peter K.</subfield>
      <subfield code="e">author</subfield>
      <subfield code="u">Pacific Northwest College of Art, Portland, Oregon, 97209, USA</subfield>
    </datafield>
    <datafield tag="700" ind1="1" ind2=" ">
      <subfield code="a">Wagner, Maggie R.</subfield>
      <subfield code="e">author</subfield>
      <subfield code="u">Department of Plant Pathology, North Carolina State University, Raleigh,
        North Carolina, 27695, USA</subfield>
    </datafield>
    <datafield tag="773" ind1="0" ind2=" ">
      <subfield code="t">Ecology.</subfield>
      <subfield code="g">2017 Mar., v. 98, no. 3 p.721-733</subfield>
      <subfield code="d">John Wiley &amp; Sons, Ltd</subfield>
      <subfield code="x">0012-9658</subfield>
      <subfield code="7">nnas</subfield>
    </datafield>
    <datafield tag="787" ind1="1" ind2=" ">
      <subfield code="o">islandora_article_repository</subfield>
    </datafield>
    <datafield tag="787" ind1="1" ind2=" ">
      <subfield code="o">product_pubag</subfield>
    </datafield>
    <datafield tag="787" ind1="1" ind2=" ">
      <subfield code="o">(Journal)jnl46164</subfield>
    </datafield>
    <datafield tag="856" ind1="4" ind2="0">
      <subfield code="u">http://dx.doi.org/10.1002/ecy.1684</subfield>
      <subfield code="3">Available from publisher's site</subfield>
    </datafield>
    <datafield tag="912" ind1=" " ind2=" ">
      <subfield code="a">Article</subfield>
    </datafield>
    <datafield tag="914" ind1=" " ind2=" ">
      <subfield code="a">Journal:jnl46164</subfield>
      <subfield code="b">0012-9658</subfield>
      <subfield code="c">98</subfield>
      <subfield code="d">3</subfield>
      <subfield code="e">721</subfield>
    </datafield>
    <datafield tag="914" ind1=" " ind2=" ">
      <subfield code="f">Ecology</subfield>
    </datafield>
    <datafield tag="916" ind1=" " ind2=" ">
      <subfield code="a">Batch:1792</subfield>
    </datafield>
    <datafield tag="917" ind1=" " ind2=" ">
      <subfield code="a">issued</subfield>
    </datafield>
    <datafield tag="918" ind1="2" ind2=" ">
      <subfield code="a">John Wiley &amp; Sons, Inc</subfield>
      <subfield code="e">provider</subfield>
      <subfield code="5">DNAL</subfield>
    </datafield>
    <datafield tag="935" ind1=" " ind2=" ">
      <subfield code="a">IND605712484</subfield>
      <subfield code="9">ExL</subfield>
    </datafield>
    <datafield tag="949" ind1=" " ind2=" ">
      <subfield code="a">2017-08-28</subfield>
    </datafield>
    <datafield tag="953" ind1=" " ind2=" ">
      <subfield code="a">00129658_2017_98_3.xml</subfield>
    </datafield>
    <datafield tag="962" ind1=" " ind2=" ">
      <subfield code="a">Batch:1792 reviewed on 2017-08-28T11:00:03Z</subfield>
    </datafield>
    <datafield tag="974" ind1=" " ind2=" ">
      <subfield code="a">agid:5712484</subfield>
    </datafield>
    <datafield tag="983" ind1=" " ind2=" ">
      <subfield code="a">2017-07-12</subfield>
    </datafield>
    <datafield tag="984" ind1=" " ind2=" ">
      <subfield code="a">2017-08-28</subfield>
    </datafield>
  </record>