
  <record>
    <leader>04353nab a2200637 u 4500</leader>
    <controlfield tag="001">9915619964307426</controlfield>
    <controlfield tag="005">20221118232122.0</controlfield>
    <controlfield tag="008">170712e201705 xx |||||o|||||||||||eng||</controlfield>
    <datafield tag="016" ind1="7" ind2=" ">
      <subfield code="a">IND605712526</subfield>
      <subfield code="2">DNAL</subfield>
    </datafield>
    <datafield tag="024" ind1="7" ind2=" ">
      <subfield code="a">10.1002/ecy.1797</subfield>
      <subfield code="2">doi</subfield>
    </datafield>
    <datafield tag="035" ind1=" " ind2=" ">
      <subfield code="a">agid:5712526-01nal_inst</subfield>
    </datafield>
    <datafield tag="040" ind1=" " ind2=" ">
      <subfield code="a">AGL</subfield>
      <subfield code="b">eng</subfield>
      <subfield code="c">AGL</subfield>
    </datafield>
    <datafield tag="100" ind1="1" ind2=" ">
      <subfield code="a">Sensenig, Ryan L.</subfield>
      <subfield code="e">author</subfield>
    </datafield>
    <datafield tag="245" ind1="1" ind2="0">
      <subfield code="a">Fire disturbance disrupts an acacia ant–plant mutualism in favor of a
        subordinate ant species</subfield>
    </datafield>
    <datafield tag="300" ind1=" " ind2=" ">
      <subfield code="a">p. 1455-1464.</subfield>
    </datafield>
    <datafield tag="500" ind1=" " ind2=" ">
      <subfield code="a">JOURNAL ARTICLE</subfield>
    </datafield>
    <datafield tag="520" ind1=" " ind2=" ">
      <subfield code="a">Although disturbance theory has been recognized as a useful framework in
        examining the stability of ant–plant mutualisms, very few studies have examined the effects
        of fire disturbance on these mutualisms. In myrmecophyte‐dominated savannas, fire and
        herbivory are key drivers that could influence ant–plant mutualisms by causing complete
        colony mortality and/or decreasing colony size, which potentially could alter dominance
        hierarchies if subordinate species are more fire resilient. We used a large‐scale,
        replicated fire experiment to examine long‐term effects of fire on acacia–ant community
        composition. To determine if fire shifted ant occupancy from a competitive dominant to a
        subordinate ant species, we surveyed the acacia–ant community in 6–7 yr old burn sites and
        examined how the spatial scale of these burns influenced ant community responses. We then
        used two short‐term fire experiments to explore possible mechanisms for the shifts in
        community patterns observed. Because survival of ant colonies is largely dependent on their
        ability to detect and escape an approaching fire, we first tested the evacuation response of
        all four ant species when exposed to smoke (fire signal). Then to better understand how fire
        and its interaction with large mammal herbivory affect the density of ants per tree, we
        quantified ant worker density in small prescribed burns within herbivore exclusion plots. We
        found clear evidence suggesting that fire disturbance favored the subordinate ant
        Crematogaster nigriceps more than the dominant and strong mutualist ant C. mimosae, whereby
        C. nigriceps (1) was the only species to occupy a greater proportion of trees in 6–7 yr old
        burn sites compared to unburned sites, (2) had higher burn/unburn tree ratios with
        increasing burn size, and (3) evacuated significantly faster than C. mimosae in the presence
        of smoke. Fire and herbivory had opposite effects on ant density per meter of branch for
        both C. nigriceps and C. mimosae, with fire decreasing ant densities per meter of branch and
        the presence of large herbivores increasing ant density. Taken together, these experiments
        suggest that major ecosystem disturbances like fire can disrupt mutualistic associations and
        maintain diversity in partner quality and identity despite a clear dominance
        hierarchy.</subfield>
    </datafield>
    <datafield tag="592" ind1=" " ind2=" ">
      <subfield code="a">Publisher supplied data</subfield>
    </datafield>
    <datafield tag="593" ind1=" " ind2=" ">
      <subfield code="a">PubAg article</subfield>
    </datafield>
    <datafield tag="650" ind1=" " ind2="3">
      <subfield code="a">Acacia</subfield>
    </datafield>
    <datafield tag="650" ind1=" " ind2="3">
      <subfield code="a">Crematogaster</subfield>
    </datafield>
    <datafield tag="650" ind1=" " ind2="3">
      <subfield code="a">ant colonies</subfield>
    </datafield>
    <datafield tag="650" ind1=" " ind2="3">
      <subfield code="a">community structure</subfield>
    </datafield>
    <datafield tag="650" ind1=" " ind2="3">
      <subfield code="a">ecosystems</subfield>
    </datafield>
    <datafield tag="650" ind1=" " ind2="3">
      <subfield code="a">herbivores</subfield>
    </datafield>
    <datafield tag="650" ind1=" " ind2="3">
      <subfield code="a">long term effects</subfield>
    </datafield>
    <datafield tag="650" ind1=" " ind2="3">
      <subfield code="a">mammals</subfield>
    </datafield>
    <datafield tag="650" ind1=" " ind2="3">
      <subfield code="a">mortality</subfield>
    </datafield>
    <datafield tag="650" ind1=" " ind2="3">
      <subfield code="a">mutualism</subfield>
    </datafield>
    <datafield tag="650" ind1=" " ind2="3">
      <subfield code="a">prescribed burning</subfield>
    </datafield>
    <datafield tag="650" ind1=" " ind2="3">
      <subfield code="a">savannas</subfield>
    </datafield>
    <datafield tag="650" ind1=" " ind2="3">
      <subfield code="a">smoke</subfield>
    </datafield>
    <datafield tag="650" ind1=" " ind2="3">
      <subfield code="a">trees</subfield>
    </datafield>
    <datafield tag="700" ind1="1" ind2=" ">
      <subfield code="a">Kimuyu, Duncan K.</subfield>
      <subfield code="e">author</subfield>
    </datafield>
    <datafield tag="700" ind1="1" ind2=" ">
      <subfield code="a">Ruiz Guajardo, Juan C.</subfield>
      <subfield code="e">author</subfield>
    </datafield>
    <datafield tag="700" ind1="1" ind2=" ">
      <subfield code="a">Veblen, Kari E.</subfield>
      <subfield code="e">author</subfield>
    </datafield>
    <datafield tag="700" ind1="1" ind2=" ">
      <subfield code="a">Riginos, Corinna</subfield>
      <subfield code="e">author</subfield>
    </datafield>
    <datafield tag="700" ind1="1" ind2=" ">
      <subfield code="a">Young, Truman P.</subfield>
      <subfield code="e">author</subfield>
    </datafield>
    <datafield tag="773" ind1="0" ind2=" ">
      <subfield code="t">Ecology.</subfield>
      <subfield code="g">2017 May, v. 98, no. 5 p.1455-1464</subfield>
      <subfield code="d">John Wiley &amp; Sons, Ltd</subfield>
      <subfield code="x">0012-9658</subfield>
      <subfield code="7">nnas</subfield>
    </datafield>
    <datafield tag="787" ind1="1" ind2=" ">
      <subfield code="o">islandora_article_repository</subfield>
    </datafield>
    <datafield tag="787" ind1="1" ind2=" ">
      <subfield code="o">product_pubag</subfield>
    </datafield>
    <datafield tag="787" ind1="1" ind2=" ">
      <subfield code="o">(Journal)jnl46164</subfield>
    </datafield>
    <datafield tag="856" ind1="4" ind2="0">
      <subfield code="u">http://dx.doi.org/10.1002/ecy.1797</subfield>
      <subfield code="3">Available from publisher's site</subfield>
    </datafield>
    <datafield tag="912" ind1=" " ind2=" ">
      <subfield code="a">Article</subfield>
    </datafield>
    <datafield tag="914" ind1=" " ind2=" ">
      <subfield code="a">Journal:jnl46164</subfield>
      <subfield code="b">0012-9658</subfield>
      <subfield code="c">98</subfield>
      <subfield code="d">5</subfield>
      <subfield code="e">1455</subfield>
    </datafield>
    <datafield tag="914" ind1=" " ind2=" ">
      <subfield code="f">Ecology</subfield>
    </datafield>
    <datafield tag="916" ind1=" " ind2=" ">
      <subfield code="a">Batch:1792</subfield>
    </datafield>
    <datafield tag="917" ind1=" " ind2=" ">
      <subfield code="a">issued</subfield>
    </datafield>
    <datafield tag="918" ind1="2" ind2=" ">
      <subfield code="a">John Wiley &amp; Sons, Inc</subfield>
      <subfield code="e">provider</subfield>
      <subfield code="5">DNAL</subfield>
    </datafield>
    <datafield tag="935" ind1=" " ind2=" ">
      <subfield code="a">IND605712526</subfield>
      <subfield code="9">ExL</subfield>
    </datafield>
    <datafield tag="949" ind1=" " ind2=" ">
      <subfield code="a">2017-08-28</subfield>
    </datafield>
    <datafield tag="953" ind1=" " ind2=" ">
      <subfield code="a">00129658_2017_98_5.xml</subfield>
    </datafield>
    <datafield tag="962" ind1=" " ind2=" ">
      <subfield code="a">Batch:1792 reviewed on 2017-08-28T11:00:03Z</subfield>
    </datafield>
    <datafield tag="974" ind1=" " ind2=" ">
      <subfield code="a">agid:5712526</subfield>
    </datafield>
    <datafield tag="983" ind1=" " ind2=" ">
      <subfield code="a">2017-07-12</subfield>
    </datafield>
    <datafield tag="984" ind1=" " ind2=" ">
      <subfield code="a">2017-08-28</subfield>
    </datafield>
  </record>