
  <record>
    <leader>06194nab a2200841 u 4500</leader>
    <controlfield tag="001">9915620104607426</controlfield>
    <controlfield tag="005">20221118232355.0</controlfield>
    <controlfield tag="008">210417e202105 xx |||||o|||||||||||eng||</controlfield>
    <datafield tag="016" ind1="7" ind2=" ">
      <subfield code="a">IND607344248</subfield>
      <subfield code="2">DNAL</subfield>
    </datafield>
    <datafield tag="024" ind1="7" ind2=" ">
      <subfield code="a">10.1111/ddi.13241</subfield>
      <subfield code="2">doi</subfield>
    </datafield>
    <datafield tag="035" ind1=" " ind2=" ">
      <subfield code="a">agid:7344248-01nal_inst</subfield>
    </datafield>
    <datafield tag="040" ind1=" " ind2=" ">
      <subfield code="a">AGL</subfield>
      <subfield code="b">eng</subfield>
      <subfield code="c">AGL</subfield>
    </datafield>
    <datafield tag="100" ind1="1" ind2=" ">
      <subfield code="a">Cheikh Albassatneh, Marwan</subfield>
      <subfield code="e">author</subfield>
      <subfield code="u">Institut de Systématique, Evolution, Biodiversité (ISYEB), Muséum national
        d’Histoire naturelle (MNHN), CNRS, Sorbonne Université, EPHE, Université des Antilles,
        Paris, France</subfield>
    </datafield>
    <datafield tag="245" ind1="1" ind2="0">
      <subfield code="a">Spatial patterns of genus‐level phylogenetic endemism in the tree flora of
        Mediterranean Europe</subfield>
    </datafield>
    <datafield tag="300" ind1=" " ind2=" ">
      <subfield code="a">p. 913-928.</subfield>
    </datafield>
    <datafield tag="500" ind1=" " ind2=" ">
      <subfield code="a">NAL-AP-2-clean</subfield>
    </datafield>
    <datafield tag="500" ind1=" " ind2=" ">
      <subfield code="a">JOURNAL ARTICLE</subfield>
    </datafield>
    <datafield tag="520" ind1=" " ind2=" ">
      <subfield code="a">AIM: The Mediterranean Basin is a major hotspot of plant biodiversity,
        including forest trees. Over the past centuries, Mediterranean forests have been fragmented
        and over‐exploited, to which the threats of climate change are now added. Our aim is to
        better understand patterns and processes of tree biodiversity in the Mediterranean and to
        provide indicators complementing the traditional approaches to biodiversity conservation
        based on species counts and occurrences, using georeferenced phylogenetic diversity and
        endemism analyses in a spatial ecological context. LOCATION: Mediterranean Europe. METHODS:
        Using a dated phylogeny of the 64 Euro‐Mediterranean tree genera, we calculated phylogenetic
        diversity for all 50 × 50 km² grid cells spanning Mediterranean Europe (n = 643) and
        compared values with those obtained for genus‐level taxonomic diversity. Then, we tested the
        relative influence of geography, past and present climate, and soil on tree diversity
        (phylogenetic or taxonomic) and its geographical turnover. Geographical patterns of
        phylogenetic endemism were inferred using the Categorical Analyses of Neo‐ and
        Paleo‐Endemism (CANAPE) methodology. RESULTS: We showed that phylogenetic and taxonomic
        diversity within and among cells are correlated and influenced by soil parameters as well as
        current, Holocene and Late Glacial Maximum climate. Southern Spain, Cyprus and some Aegean
        islands contained areas of disproportionately high phylogenetic diversity and a
        concentration of phylogenetic paleo‐endemics, while phylogenetic neo‐endemism was high in
        eastern Sicily. Mixed phylogenetic endemism regions were detected in southern Spain and
        Portugal, in the Balkans and in Crete. MAIN CONCLUSIONS: Our phylogenetic approach provides
        relevant indicators for better protecting forests of the Mediterranean, encompassing past
        and present evolutionary processes and factors. We consider areas that show a concentration
        of evolutionary history manifested by high phylogenetic endemism as high priority targets
        for the conservation of the European tree flora.</subfield>
    </datafield>
    <datafield tag="592" ind1=" " ind2=" ">
      <subfield code="a">Publisher supplied data</subfield>
    </datafield>
    <datafield tag="593" ind1=" " ind2=" ">
      <subfield code="a">PubAg article</subfield>
    </datafield>
    <datafield tag="596" ind1=" " ind2=" ">
      <subfield code="c">Fondation de France</subfield>
    </datafield>
    <datafield tag="596" ind1=" " ind2=" ">
      <subfield code="c">Labex OT‐Med</subfield>
    </datafield>
    <datafield tag="596" ind1=" " ind2=" ">
      <subfield code="c">Fondation pour la Recherche sur la Biodiversite</subfield>
    </datafield>
    <datafield tag="650" ind1=" " ind2="3">
      <subfield code="a">Cyprus</subfield>
    </datafield>
    <datafield tag="650" ind1=" " ind2="3">
      <subfield code="a">Holocene epoch</subfield>
    </datafield>
    <datafield tag="650" ind1=" " ind2="3">
      <subfield code="a">biodiversity conservation</subfield>
    </datafield>
    <datafield tag="650" ind1=" " ind2="3">
      <subfield code="a">climate</subfield>
    </datafield>
    <datafield tag="650" ind1=" " ind2="3">
      <subfield code="a">climate change</subfield>
    </datafield>
    <datafield tag="650" ind1=" " ind2="3">
      <subfield code="a">flora</subfield>
    </datafield>
    <datafield tag="650" ind1=" " ind2="3">
      <subfield code="a">forests</subfield>
    </datafield>
    <datafield tag="650" ind1=" " ind2="3">
      <subfield code="a">geography</subfield>
    </datafield>
    <datafield tag="650" ind1=" " ind2="3">
      <subfield code="a">georeferencing</subfield>
    </datafield>
    <datafield tag="650" ind1=" " ind2="3">
      <subfield code="a">indigenous species</subfield>
    </datafield>
    <datafield tag="650" ind1=" " ind2="3">
      <subfield code="a">phylogeny</subfield>
    </datafield>
    <datafield tag="650" ind1=" " ind2="3">
      <subfield code="a">soil</subfield>
    </datafield>
    <datafield tag="650" ind1=" " ind2="3">
      <subfield code="a">species diversity</subfield>
    </datafield>
    <datafield tag="651" ind1=" " ind2="3">
      <subfield code="a">Crete</subfield>
    </datafield>
    <datafield tag="651" ind1=" " ind2="3">
      <subfield code="a">Mediterranean region</subfield>
    </datafield>
    <datafield tag="651" ind1=" " ind2="3">
      <subfield code="a">Portugal</subfield>
    </datafield>
    <datafield tag="651" ind1=" " ind2="3">
      <subfield code="a">Sicily</subfield>
    </datafield>
    <datafield tag="651" ind1=" " ind2="3">
      <subfield code="a">Spain</subfield>
    </datafield>
    <datafield tag="700" ind1="1" ind2=" ">
      <subfield code="a">Escudero, Marcial</subfield>
      <subfield code="e">author</subfield>
      <subfield code="u">Department of Plant Biology and Ecology, University of Seville, Seville,
        Spain</subfield>
    </datafield>
    <datafield tag="700" ind1="1" ind2=" ">
      <subfield code="a">Monnet, Anne‐Christine</subfield>
      <subfield code="e">author</subfield>
      <subfield code="u">Institut de Systématique, Evolution, Biodiversité (ISYEB), Muséum national
        d’Histoire naturelle (MNHN), CNRS, Sorbonne Université, EPHE, Université des Antilles,
        Paris, France</subfield>
    </datafield>
    <datafield tag="700" ind1="1" ind2=" ">
      <subfield code="a">Arroyo, Juan</subfield>
      <subfield code="e">author</subfield>
      <subfield code="u">Department of Plant Biology and Ecology, University of Seville, Seville,
        Spain</subfield>
    </datafield>
    <datafield tag="700" ind1="1" ind2=" ">
      <subfield code="a">Bacchetta, Gianluigi</subfield>
      <subfield code="e">author</subfield>
      <subfield code="u">Department of Life and Environmental Sciences, University of Cagliari,
        Cagliari, Italy</subfield>
    </datafield>
    <datafield tag="700" ind1="1" ind2=" ">
      <subfield code="a">Bagnoli, Francesca</subfield>
      <subfield code="e">author</subfield>
      <subfield code="u">CNR, IBBR, Florence, Italy</subfield>
    </datafield>
    <datafield tag="700" ind1="1" ind2=" ">
      <subfield code="a">Dimopoulos, Panayotis</subfield>
      <subfield code="e">author</subfield>
      <subfield code="u">Department of Biology, Laboratory of Botany, University of Patras, Rio,
        Greece</subfield>
    </datafield>
    <datafield tag="700" ind1="1" ind2=" ">
      <subfield code="a">Hampe, Arndt</subfield>
      <subfield code="e">author</subfield>
      <subfield code="u">BIOGECO, INRAE, Bordeaux University, Cestas, France</subfield>
    </datafield>
    <datafield tag="700" ind1="1" ind2=" ">
      <subfield code="a">Leriche, Agathe</subfield>
      <subfield code="e">author</subfield>
      <subfield code="u">Aix Marseille Université, Avignon Université, CNRS, IRD, IMBE,
        Aix‐en‐Provence, France</subfield>
    </datafield>
    <datafield tag="700" ind1="1" ind2=" ">
      <subfield code="a">Médail, Frédéric</subfield>
      <subfield code="e">author</subfield>
      <subfield code="u">Aix Marseille Université, Avignon Université, CNRS, IRD, IMBE,
        Aix‐en‐Provence, France</subfield>
    </datafield>
    <datafield tag="700" ind1="1" ind2=" ">
      <subfield code="a">Nikolic, Toni</subfield>
      <subfield code="e">author</subfield>
      <subfield code="u">Department of Botany, Faculty of Science, University of Zagreb, Zagreb,
        Croatia</subfield>
    </datafield>
    <datafield tag="700" ind1="1" ind2=" ">
      <subfield code="a">Ponger, Loïc</subfield>
      <subfield code="e">author</subfield>
      <subfield code="u">Structure et Instabilité des Génomes, "Muséum National d'Histoire
        Naturelle" (MNHN), CNRS, Paris, France</subfield>
    </datafield>
    <datafield tag="700" ind1="1" ind2=" ">
      <subfield code="a">Vendramin, Giovanni Giuseppe</subfield>
      <subfield code="e">author</subfield>
      <subfield code="u">CNR, IBBR, Florence, Italy</subfield>
    </datafield>
    <datafield tag="700" ind1="1" ind2=" ">
      <subfield code="a">Fady, Bruno</subfield>
      <subfield code="e">author</subfield>
      <subfield code="u">Ecology of Mediterranean Forests (URFM), INRAE, Avignon, France</subfield>
      <subfield code="1">https://orcid.org/0000-0003-2379-7617</subfield>
    </datafield>
    <datafield tag="773" ind1="0" ind2=" ">
      <subfield code="t">Diversity &amp; distributions.</subfield>
      <subfield code="g">2021 May, v. 27, no. 5 p.913-928</subfield>
      <subfield code="d">John Wiley &amp; Sons, Ltd</subfield>
      <subfield code="w">Journal:jnl3867071</subfield>
      <subfield code="x">1366-9516</subfield>
      <subfield code="7">nnas</subfield>
    </datafield>
    <datafield tag="787" ind1="1" ind2=" ">
      <subfield code="o">islandora_article_repository</subfield>
    </datafield>
    <datafield tag="787" ind1="1" ind2=" ">
      <subfield code="o">product_pubag</subfield>
    </datafield>
    <datafield tag="787" ind1="1" ind2=" ">
      <subfield code="o">(Journal)jnl3867071</subfield>
    </datafield>
    <datafield tag="856" ind1="4" ind2="0">
      <subfield code="u">http://dx.doi.org/10.1111/ddi.13241</subfield>
      <subfield code="3">Available from publisher's site</subfield>
    </datafield>
    <datafield tag="912" ind1=" " ind2=" ">
      <subfield code="a">Article</subfield>
    </datafield>
    <datafield tag="914" ind1=" " ind2=" ">
      <subfield code="a">Journal:jnl3867071</subfield>
      <subfield code="b">1366-9516</subfield>
      <subfield code="c">27</subfield>
      <subfield code="d">5</subfield>
      <subfield code="e">913</subfield>
    </datafield>
    <datafield tag="914" ind1=" " ind2=" ">
      <subfield code="f">Diversity &amp; distributions</subfield>
    </datafield>
    <datafield tag="916" ind1=" " ind2=" ">
      <subfield code="a">Batch:10086</subfield>
    </datafield>
    <datafield tag="917" ind1=" " ind2=" ">
      <subfield code="a">issued</subfield>
    </datafield>
    <datafield tag="918" ind1="2" ind2=" ">
      <subfield code="a">John Wiley &amp; Sons, Inc</subfield>
      <subfield code="e">provider</subfield>
      <subfield code="5">DNAL</subfield>
    </datafield>
    <datafield tag="935" ind1=" " ind2=" ">
      <subfield code="a">IND607344248</subfield>
      <subfield code="9">ExL</subfield>
    </datafield>
    <datafield tag="949" ind1=" " ind2=" ">
      <subfield code="a">2021-04-18</subfield>
    </datafield>
    <datafield tag="953" ind1=" " ind2=" ">
      <subfield code="a">/data/metadata/incoming/wiley/13669516_2021_27_5.xml</subfield>
    </datafield>
    <datafield tag="954" ind1=" " ind2=" ">
      <subfield code="a">file:/data/metadata/staging/wiley/13669516_2021_27_5.xml</subfield>
    </datafield>
    <datafield tag="955" ind1=" " ind2=" ">
      <subfield code="a">/data/metadata/staging/wiley/</subfield>
    </datafield>
    <datafield tag="974" ind1=" " ind2=" ">
      <subfield code="a">agid:7344248</subfield>
    </datafield>
    <datafield tag="983" ind1=" " ind2=" ">
      <subfield code="a">2021-04-17</subfield>
    </datafield>
    <datafield tag="984" ind1=" " ind2=" ">
      <subfield code="a">2021-04-18</subfield>
    </datafield>
  </record>