
  <record>
    <leader>07437nab a2200889 u 4500</leader>
    <controlfield tag="001">9915620122807426</controlfield>
    <controlfield tag="005">20221118232458.0</controlfield>
    <controlfield tag="008">170712e201705 xx |||||o|||||||||||eng||</controlfield>
    <datafield tag="016" ind1="7" ind2=" ">
      <subfield code="a">IND605712530</subfield>
      <subfield code="2">DNAL</subfield>
    </datafield>
    <datafield tag="024" ind1="7" ind2=" ">
      <subfield code="a">10.1002/ecy.1785</subfield>
      <subfield code="2">doi</subfield>
    </datafield>
    <datafield tag="035" ind1=" " ind2=" ">
      <subfield code="a">agid:5712530-01nal_inst</subfield>
    </datafield>
    <datafield tag="040" ind1=" " ind2=" ">
      <subfield code="a">AGL</subfield>
      <subfield code="b">eng</subfield>
      <subfield code="c">AGL</subfield>
    </datafield>
    <datafield tag="100" ind1="1" ind2=" ">
      <subfield code="a">Ascoli, Davide</subfield>
      <subfield code="e">author</subfield>
      <subfield code="u">Dipartimento di Agraria, University of Naples Federico II, via Università
        100, 80055, Portici, Napoli, Italy</subfield>
    </datafield>
    <datafield tag="245" ind1="1" ind2="0">
      <subfield code="a">Two centuries of masting data for European beech and Norway spruce across
        the European continent</subfield>
    </datafield>
    <datafield tag="300" ind1=" " ind2=" ">
      <subfield code="a">p. 1473.</subfield>
    </datafield>
    <datafield tag="500" ind1=" " ind2=" ">
      <subfield code="a">JOURNAL ARTICLE</subfield>
    </datafield>
    <datafield tag="520" ind1=" " ind2=" ">
      <subfield code="a">Tree masting is one of the most intensively studied ecological processes.
        It affects nutrient fluxes of trees, regeneration dynamics in forests, animal population
        densities, and ultimately influences ecosystem services. Despite a large volume of research
        focused on masting, its evolutionary ecology, spatial and temporal variability, and
        environmental drivers are still matter of debate. Understanding the proximate and ultimate
        causes of masting at broad spatial and temporal scales will enable us to predict tree
        reproductive strategies and their response to changing environment. Here we provide broad
        spatial (distribution range‐wide) and temporal (century) masting data for the two main
        masting tree species in Europe, European beech (Fagus sylvatica L.) and Norway spruce (Picea
        abies (L.) H. Karst.). We collected masting data from a total of 359 sources through an
        extensive literature review and from unpublished surveys. The data set has a total of 1,747
        series and 18,348 yearly observations from 28 countries and covering a time span of years
        1677–2016 and 1791–2016 for beech and spruce, respectively. For each record, the following
        information is available: identification code; species; year of observation; proxy of
        masting (flower, pollen, fruit, seed, dendrochronological reconstructions); statistical data
        type (ordinal, continuous); data value; unit of measurement (only in case of continuous
        data); geographical location (country, Nomenclature of Units for Territorial Statistics
        NUTS‐1 level, municipality, coordinates); first and last record year and related length;
        type of data source (field survey, peer reviewed scientific literature, gray literature,
        personal observation); source identification code; date when data were added to the
        database; comments. To provide a ready‐to‐use masting index we harmonized ordinal data into
        five classes. Furthermore, we computed an additional field where continuous series with
        length &gt;4 yr where converted into a five classes ordinal index. To our knowledge, this is
        the most comprehensive published database on species‐specific masting behavior. It is useful
        to study spatial and temporal patterns of masting and its proximate and ultimate causes, to
        refine studies based on tree‐ring chronologies, to understand dynamics of animal species and
        pests vectored by these animals affecting human health, and it may serve as
        calibration–validation data for dynamic forest models.</subfield>
    </datafield>
    <datafield tag="592" ind1=" " ind2=" ">
      <subfield code="a">Publisher supplied data</subfield>
    </datafield>
    <datafield tag="593" ind1=" " ind2=" ">
      <subfield code="a">PubAg article</subfield>
    </datafield>
    <datafield tag="650" ind1=" " ind2="3">
      <subfield code="a">Fagus sylvatica subsp. sylvatica</subfield>
    </datafield>
    <datafield tag="650" ind1=" " ind2="3">
      <subfield code="a">Picea abies</subfield>
    </datafield>
    <datafield tag="650" ind1=" " ind2="3">
      <subfield code="a">animals</subfield>
    </datafield>
    <datafield tag="650" ind1=" " ind2="3">
      <subfield code="a">data collection</subfield>
    </datafield>
    <datafield tag="650" ind1=" " ind2="3">
      <subfield code="a">databases</subfield>
    </datafield>
    <datafield tag="650" ind1=" " ind2="3">
      <subfield code="a">dendrochronology</subfield>
    </datafield>
    <datafield tag="650" ind1=" " ind2="3">
      <subfield code="a">ecosystem services</subfield>
    </datafield>
    <datafield tag="650" ind1=" " ind2="3">
      <subfield code="a">flowers</subfield>
    </datafield>
    <datafield tag="650" ind1=" " ind2="3">
      <subfield code="a">forests</subfield>
    </datafield>
    <datafield tag="650" ind1=" " ind2="3">
      <subfield code="a">human health</subfield>
    </datafield>
    <datafield tag="650" ind1=" " ind2="3">
      <subfield code="a">models</subfield>
    </datafield>
    <datafield tag="650" ind1=" " ind2="3">
      <subfield code="a">pests</subfield>
    </datafield>
    <datafield tag="650" ind1=" " ind2="3">
      <subfield code="a">pollen</subfield>
    </datafield>
    <datafield tag="650" ind1=" " ind2="3">
      <subfield code="a">population density</subfield>
    </datafield>
    <datafield tag="650" ind1=" " ind2="3">
      <subfield code="a">statistics</subfield>
    </datafield>
    <datafield tag="650" ind1=" " ind2="3">
      <subfield code="a">surveys</subfield>
    </datafield>
    <datafield tag="650" ind1=" " ind2="3">
      <subfield code="a">temporal variation</subfield>
    </datafield>
    <datafield tag="650" ind1=" " ind2="3">
      <subfield code="a">trees</subfield>
    </datafield>
    <datafield tag="651" ind1=" " ind2="3">
      <subfield code="a">Europe</subfield>
    </datafield>
    <datafield tag="700" ind1="1" ind2=" ">
      <subfield code="a">Maringer, Janet</subfield>
      <subfield code="e">author</subfield>
    </datafield>
    <datafield tag="700" ind1="1" ind2=" ">
      <subfield code="a">Hacket‐Pain, Andy</subfield>
      <subfield code="e">author</subfield>
    </datafield>
    <datafield tag="700" ind1="1" ind2=" ">
      <subfield code="a">Conedera, Marco</subfield>
      <subfield code="e">author</subfield>
      <subfield code="u">Insubric Research Group, Swiss Federal Research Institute WSL, a Ramèl 18,
        6593, Cadenazzo, Switzerland</subfield>
    </datafield>
    <datafield tag="700" ind1="1" ind2=" ">
      <subfield code="a">Drobyshev, Igor</subfield>
      <subfield code="e">author</subfield>
    </datafield>
    <datafield tag="700" ind1="1" ind2=" ">
      <subfield code="a">Motta, Renzo</subfield>
      <subfield code="e">author</subfield>
      <subfield code="u">Department of Agriculture, Forest and Food Sciences, University of Turin,
        Largo Braccini 2, 10095, Grugliasco, Italy</subfield>
    </datafield>
    <datafield tag="700" ind1="1" ind2=" ">
      <subfield code="a">Cirolli, Mara</subfield>
      <subfield code="e">author</subfield>
      <subfield code="u">Department of Agriculture, Forest and Food Sciences, University of Turin,
        Largo Braccini 2, 10095, Grugliasco, Italy</subfield>
    </datafield>
    <datafield tag="700" ind1="1" ind2=" ">
      <subfield code="a">Kantorowicz, Władysław</subfield>
      <subfield code="e">author</subfield>
      <subfield code="u">Department of Silviculture and Genetics of Forest Trees, Forest Research
        Institute, Sekocin Stary, Poland</subfield>
    </datafield>
    <datafield tag="700" ind1="1" ind2=" ">
      <subfield code="a">Zang, Christian</subfield>
      <subfield code="e">author</subfield>
      <subfield code="u">TUM School of Life Sciences Weihenstephan, Technische Universität München,
        Freising, Germany</subfield>
    </datafield>
    <datafield tag="700" ind1="1" ind2=" ">
      <subfield code="a">Schueler, Silvio</subfield>
      <subfield code="e">author</subfield>
      <subfield code="u">Department of Forest Genetics, Federal Research and Training Centre for
        Forests, Natural Hazards and Landscapes (BFW), Seckendorff‐Gudent‐Weg 8, 1131, Vienna,
        Austria</subfield>
    </datafield>
    <datafield tag="700" ind1="1" ind2=" ">
      <subfield code="a">Croisé, Luc</subfield>
      <subfield code="e">author</subfield>
      <subfield code="u">Département Recherche‐Développement‐Innovation, RENECOFOR, Office National
        des Forêts, Boulevard de Constance, 77300, Fontainebleau, France</subfield>
    </datafield>
    <datafield tag="700" ind1="1" ind2=" ">
      <subfield code="a">Piussi, Pietro</subfield>
      <subfield code="e">author</subfield>
      <subfield code="u">University of Firenze, Italy</subfield>
    </datafield>
    <datafield tag="700" ind1="1" ind2=" ">
      <subfield code="a">Berretti, Roberta</subfield>
      <subfield code="e">author</subfield>
      <subfield code="u">Department of Agriculture, Forest and Food Sciences, University of Turin,
        Largo Braccini 2, 10095, Grugliasco, Italy</subfield>
    </datafield>
    <datafield tag="700" ind1="1" ind2=" ">
      <subfield code="a">Palaghianu, Ciprian</subfield>
      <subfield code="e">author</subfield>
      <subfield code="u">Forestry Faculty, Applied Ecology Lab, Stefan cel Mare University of
        Suceava, Universitatii Street 13, Suceava, 720229, Romania</subfield>
    </datafield>
    <datafield tag="700" ind1="1" ind2=" ">
      <subfield code="a">Westergren, Marjana</subfield>
      <subfield code="e">author</subfield>
      <subfield code="u">Slovenian Forestry Institute, Ljubljana, Slovenija</subfield>
    </datafield>
    <datafield tag="700" ind1="1" ind2=" ">
      <subfield code="a">Lageard, Jonathan G. A.</subfield>
      <subfield code="e">author</subfield>
      <subfield code="u">Division of Geography and Environmental Management, Manchester Metropolitan
        University, Manchester, United Kingdom</subfield>
    </datafield>
    <datafield tag="700" ind1="1" ind2=" ">
      <subfield code="a">Burkart, Anton</subfield>
      <subfield code="e">author</subfield>
      <subfield code="u">Swiss Federal Institute for Forest, Snow and Landscape Research WSL,
        Disturbance Ecology, Züricherstrasse 111, 8903, Birmensdorf, Switzerland</subfield>
    </datafield>
    <datafield tag="700" ind1="1" ind2=" ">
      <subfield code="a">Gehrig Bichsel, Regula</subfield>
      <subfield code="e">author</subfield>
      <subfield code="u">Federal Department of Home Affairs FDHA, Federal Office of Meteorology and
        Climatology MeteoSwiss, Zurich, Switzerland</subfield>
    </datafield>
    <datafield tag="700" ind1="1" ind2=" ">
      <subfield code="a">Thomas, Peter A.</subfield>
      <subfield code="e">author</subfield>
      <subfield code="u">School of Life Sciences, Keele University, Newcastle under Lyme, United
        Kingdom</subfield>
    </datafield>
    <datafield tag="700" ind1="1" ind2=" ">
      <subfield code="a">Beudert, Burkhard</subfield>
      <subfield code="e">author</subfield>
      <subfield code="u">Nationalparkverwaltung Bayerischer Wald, Sachgebiet Naturschutz und
        Forschung, Freyunger Strasse 2, D‐94481, Grafenau, Germany</subfield>
    </datafield>
    <datafield tag="700" ind1="1" ind2=" ">
      <subfield code="a">Övergaard, Rolf</subfield>
      <subfield code="e">author</subfield>
      <subfield code="u">Southern Swedish Forest Research Centre, Swedish University of Agricultural
        Sciences, P.O. Box 49, 230 53, Alnarp, Sweden</subfield>
    </datafield>
    <datafield tag="700" ind1="1" ind2=" ">
      <subfield code="a">Vacchiano, Giorgio</subfield>
      <subfield code="e">author</subfield>
      <subfield code="u">Department of Agriculture, Forest and Food Sciences, University of Turin,
        Largo Braccini 2, 10095, Grugliasco, Italy</subfield>
    </datafield>
    <datafield tag="773" ind1="0" ind2=" ">
      <subfield code="t">Ecology.</subfield>
      <subfield code="g">2017 May, v. 98, no. 5 p.1473-1473</subfield>
      <subfield code="d">John Wiley &amp; Sons, Ltd</subfield>
      <subfield code="x">0012-9658</subfield>
      <subfield code="7">nnas</subfield>
    </datafield>
    <datafield tag="787" ind1="1" ind2=" ">
      <subfield code="o">islandora_article_repository</subfield>
    </datafield>
    <datafield tag="787" ind1="1" ind2=" ">
      <subfield code="o">product_pubag</subfield>
    </datafield>
    <datafield tag="787" ind1="1" ind2=" ">
      <subfield code="o">(Journal)jnl46164</subfield>
    </datafield>
    <datafield tag="856" ind1="4" ind2="0">
      <subfield code="u">http://dx.doi.org/10.1002/ecy.1785</subfield>
      <subfield code="3">Available from publisher's site</subfield>
    </datafield>
    <datafield tag="912" ind1=" " ind2=" ">
      <subfield code="a">Article</subfield>
    </datafield>
    <datafield tag="914" ind1=" " ind2=" ">
      <subfield code="a">Journal:jnl46164</subfield>
      <subfield code="b">0012-9658</subfield>
      <subfield code="c">98</subfield>
      <subfield code="d">5</subfield>
      <subfield code="e">1473</subfield>
    </datafield>
    <datafield tag="914" ind1=" " ind2=" ">
      <subfield code="f">Ecology</subfield>
    </datafield>
    <datafield tag="916" ind1=" " ind2=" ">
      <subfield code="a">Batch:1792</subfield>
    </datafield>
    <datafield tag="917" ind1=" " ind2=" ">
      <subfield code="a">issued</subfield>
    </datafield>
    <datafield tag="918" ind1="2" ind2=" ">
      <subfield code="a">John Wiley &amp; Sons, Inc</subfield>
      <subfield code="e">provider</subfield>
      <subfield code="5">DNAL</subfield>
    </datafield>
    <datafield tag="935" ind1=" " ind2=" ">
      <subfield code="a">IND605712530</subfield>
      <subfield code="9">ExL</subfield>
    </datafield>
    <datafield tag="949" ind1=" " ind2=" ">
      <subfield code="a">2017-08-28</subfield>
    </datafield>
    <datafield tag="953" ind1=" " ind2=" ">
      <subfield code="a">00129658_2017_98_5.xml</subfield>
    </datafield>
    <datafield tag="962" ind1=" " ind2=" ">
      <subfield code="a">Batch:1792 reviewed on 2017-08-28T11:00:03Z</subfield>
    </datafield>
    <datafield tag="974" ind1=" " ind2=" ">
      <subfield code="a">agid:5712530</subfield>
    </datafield>
    <datafield tag="983" ind1=" " ind2=" ">
      <subfield code="a">2017-07-12</subfield>
    </datafield>
    <datafield tag="984" ind1=" " ind2=" ">
      <subfield code="a">2017-08-28</subfield>
    </datafield>
  </record>