
  <record>
    <leader>05138nab a2200745 u 4500</leader>
    <controlfield tag="001">9915620480207426</controlfield>
    <controlfield tag="005">20221118232305.0</controlfield>
    <controlfield tag="008">200102e20160804xx |||||o|||||||||||eng||</controlfield>
    <datafield tag="016" ind1="7" ind2=" ">
      <subfield code="a">IND606798381</subfield>
      <subfield code="2">DNAL</subfield>
    </datafield>
    <datafield tag="024" ind1="7" ind2=" ">
      <subfield code="a">10.1093/jme/tjw122</subfield>
      <subfield code="2">doi</subfield>
    </datafield>
    <datafield tag="035" ind1=" " ind2=" ">
      <subfield code="a">agid:6798381-01nal_inst</subfield>
    </datafield>
    <datafield tag="040" ind1=" " ind2=" ">
      <subfield code="a">AGL</subfield>
      <subfield code="b">eng</subfield>
      <subfield code="c">AGL</subfield>
    </datafield>
    <datafield tag="100" ind1="1" ind2=" ">
      <subfield code="a">Lounibos, L. Philip</subfield>
      <subfield code="e">author</subfield>
      <subfield code="u">Florida Medical Entomology Laboratory, University of Florida, 200 9th St SE
        Vero Beach, FL 32962 (lounibos@ufl.edu; irka@ufl.edu; mccarrasquilla@ufl.edu;
        nishimur@ufl.edu)</subfield>
    </datafield>
    <datafield tag="245" ind1="1" ind2="0">
      <subfield code="a">Coexistence of Aedes aegypti and Aedes albopictus (Diptera: Culicidae) in
        Peninsular Florida Two Decades After Competitive Displacements</subfield>
    </datafield>
    <datafield tag="300" ind1=" " ind2=" ">
      <subfield code="a">p. 1385-1390.</subfield>
    </datafield>
    <datafield tag="520" ind1=" " ind2=" ">
      <subfield code="a">The spread of Aedes albopictus (Skuse) eastward in the mid-1980s from its
        initial establishment in Houston, TX, was associated with rapid declines and local
        disappearances of Aedes aegypti (L.) in Gulf Coast states and Florida where annual larval
        surveillance during the early 1990s described temporal and spatial patterns of competitive
        displacements in cemeteries and tire shops. Approximately 20 yr later in 2013–2014, we
        re-visited former collection sites and sampled aquatic immatures of these two species from
        tire shops in 10 cities on State Route 441 and from 9 cemeteries from Lakeland to Miami in
        southwest Florida. In the recent samples Ae. aegypti was recovered from three central
        Florida cities where it had not been detected in 1994, but its northern limit on Rte. 441,
        Apopka, did not change. Other evidence, such as trends at a few cemeteries, suggested a
        moderate resurgence of this species since 1994. Cage experiments that exposed female progeny
        of Ae. aegypti from recent Florida collection sites to interspecific mating by Ae.
        albopictus males showed that females from coexistence sites had evolved resistance to
        cross-mating, but Ae. aegypti from sites with no Ae. albopictus were relatively susceptible
        to satyrization. Habitat classifications of collection sites were reduced by principal
        component (PC) analysis to four variables that accounted for &gt; 99% of variances; PCs with
        strong positive loadings for tree cover and ground vegetation were associated with
        collection sites yielding only Ae. albopictus. Within the coexistence range of the two
        species, the numbers of Ae. aegypti among total Aedes collected were strongly correlated in
        stepwise logistic regression models with two habitat-derived PCs, distance from the coast,
        and annual rainfall and mean maximum temperatures at the nearest weather station. Subtle
        increases in the range of Ae. aegypti since its previous displacements are interpreted in
        the context of the evolution of resistance to mating interference, realized versus
        fundamental niches of the two species, and persisting competition with Ae.
        albopictus.</subfield>
    </datafield>
    <datafield tag="592" ind1=" " ind2=" ">
      <subfield code="a">Publisher supplied data</subfield>
    </datafield>
    <datafield tag="593" ind1=" " ind2=" ">
      <subfield code="a">PubAg article</subfield>
    </datafield>
    <datafield tag="650" ind1=" " ind2="3">
      <subfield code="a">Aedes aegypti</subfield>
    </datafield>
    <datafield tag="650" ind1=" " ind2="3">
      <subfield code="a">Aedes albopictus</subfield>
    </datafield>
    <datafield tag="650" ind1=" " ind2="3">
      <subfield code="a">cities</subfield>
    </datafield>
    <datafield tag="650" ind1=" " ind2="3">
      <subfield code="a">coasts</subfield>
    </datafield>
    <datafield tag="650" ind1=" " ind2="3">
      <subfield code="a">evolution</subfield>
    </datafield>
    <datafield tag="650" ind1=" " ind2="3">
      <subfield code="a">females</subfield>
    </datafield>
    <datafield tag="650" ind1=" " ind2="3">
      <subfield code="a">ground vegetation</subfield>
    </datafield>
    <datafield tag="650" ind1=" " ind2="3">
      <subfield code="a">immatures</subfield>
    </datafield>
    <datafield tag="650" ind1=" " ind2="3">
      <subfield code="a">larvae</subfield>
    </datafield>
    <datafield tag="650" ind1=" " ind2="3">
      <subfield code="a">males</subfield>
    </datafield>
    <datafield tag="650" ind1=" " ind2="3">
      <subfield code="a">monitoring</subfield>
    </datafield>
    <datafield tag="650" ind1=" " ind2="3">
      <subfield code="a">niches</subfield>
    </datafield>
    <datafield tag="650" ind1=" " ind2="3">
      <subfield code="a">progeny</subfield>
    </datafield>
    <datafield tag="650" ind1=" " ind2="3">
      <subfield code="a">rain</subfield>
    </datafield>
    <datafield tag="650" ind1=" " ind2="3">
      <subfield code="a">regression analysis</subfield>
    </datafield>
    <datafield tag="650" ind1=" " ind2="3">
      <subfield code="a">temperature</subfield>
    </datafield>
    <datafield tag="650" ind1=" " ind2="3">
      <subfield code="a">tires</subfield>
    </datafield>
    <datafield tag="650" ind1=" " ind2="3">
      <subfield code="a">trees</subfield>
    </datafield>
    <datafield tag="651" ind1=" " ind2="3">
      <subfield code="a">Florida</subfield>
    </datafield>
    <datafield tag="653" ind1=" " ind2="0">
      <subfield code="a">competition</subfield>
    </datafield>
    <datafield tag="653" ind1=" " ind2="0">
      <subfield code="a">habitat preference</subfield>
    </datafield>
    <datafield tag="653" ind1=" " ind2="0">
      <subfield code="a">mating interference</subfield>
    </datafield>
    <datafield tag="653" ind1=" " ind2="0">
      <subfield code="a">satyrization</subfield>
    </datafield>
    <datafield tag="653" ind1=" " ind2="0">
      <subfield code="a">surveillance</subfield>
    </datafield>
    <datafield tag="700" ind1="1" ind2=" ">
      <subfield code="a">Bargielowski, Irka</subfield>
      <subfield code="e">author</subfield>
      <subfield code="u">Florida Medical Entomology Laboratory, University of Florida, 200 9th St SE
        Vero Beach, FL 32962 (lounibos@ufl.edu; irka@ufl.edu; mccarrasquilla@ufl.edu;
        nishimur@ufl.edu)</subfield>
    </datafield>
    <datafield tag="700" ind1="1" ind2=" ">
      <subfield code="a">Carrasquilla, María Cristina</subfield>
      <subfield code="e">author</subfield>
      <subfield code="u">Florida Medical Entomology Laboratory, University of Florida, 200 9th St SE
        Vero Beach, FL 32962 (lounibos@ufl.edu; irka@ufl.edu; mccarrasquilla@ufl.edu;
        nishimur@ufl.edu)</subfield>
    </datafield>
    <datafield tag="700" ind1="1" ind2=" ">
      <subfield code="a">Nishimura, Naoya</subfield>
      <subfield code="e">author</subfield>
      <subfield code="u">Florida Medical Entomology Laboratory, University of Florida, 200 9th St SE
        Vero Beach, FL 32962 (lounibos@ufl.edu; irka@ufl.edu; mccarrasquilla@ufl.edu;
        nishimur@ufl.edu)</subfield>
    </datafield>
    <datafield tag="773" ind1="0" ind2=" ">
      <subfield code="t">Journal of medical entomology.</subfield>
      <subfield code="g">2016 Aug. 4, v. 53, no. 6 p.1385-1390</subfield>
      <subfield code="d">Entomological Society of America</subfield>
      <subfield code="w">Journal:jnl45776</subfield>
      <subfield code="x">0022-2585</subfield>
      <subfield code="7">nnas</subfield>
    </datafield>
    <datafield tag="787" ind1="1" ind2=" ">
      <subfield code="o">islandora_article_repository</subfield>
    </datafield>
    <datafield tag="787" ind1="1" ind2=" ">
      <subfield code="o">product_pubag</subfield>
    </datafield>
    <datafield tag="787" ind1="1" ind2=" ">
      <subfield code="o">(Journal)jnl45776</subfield>
    </datafield>
    <datafield tag="856" ind1="4" ind2="0">
      <subfield code="u">http://dx.doi.org/10.1093/jme/tjw122</subfield>
      <subfield code="3">Available from publisher's site</subfield>
    </datafield>
    <datafield tag="912" ind1=" " ind2=" ">
      <subfield code="a">Article</subfield>
    </datafield>
    <datafield tag="914" ind1=" " ind2=" ">
      <subfield code="a">Journal:jnl45776</subfield>
      <subfield code="b">0022-2585</subfield>
      <subfield code="c">53</subfield>
      <subfield code="d">6</subfield>
      <subfield code="e">1385</subfield>
    </datafield>
    <datafield tag="914" ind1=" " ind2=" ">
      <subfield code="f">Journal of medical entomology</subfield>
    </datafield>
    <datafield tag="916" ind1=" " ind2=" ">
      <subfield code="a">Batch:2475</subfield>
    </datafield>
    <datafield tag="917" ind1=" " ind2=" ">
      <subfield code="a">issued</subfield>
    </datafield>
    <datafield tag="918" ind1="2" ind2=" ">
      <subfield code="a">BioOne</subfield>
      <subfield code="e">provider</subfield>
      <subfield code="5">DNAL</subfield>
    </datafield>
    <datafield tag="935" ind1=" " ind2=" ">
      <subfield code="a">IND606798381</subfield>
      <subfield code="9">ExL</subfield>
    </datafield>
    <datafield tag="949" ind1=" " ind2=" ">
      <subfield code="a">2020-06-15</subfield>
    </datafield>
    <datafield tag="953" ind1=" " ind2=" ">
      <subfield code="a">/data/metadata/incoming/bioone/tjw122_front.xml.zip</subfield>
    </datafield>
    <datafield tag="954" ind1=" " ind2=" ">
      <subfield code="a">file:/data/metadata/staging/bioone/tjw122_front.xml</subfield>
    </datafield>
    <datafield tag="955" ind1=" " ind2=" ">
      <subfield code="a">/data/metadata/staging/bioone/</subfield>
    </datafield>
    <datafield tag="962" ind1=" " ind2=" ">
      <subfield code="a">Batch:2475 reviewed on 2020-06-15T04:00:03Z</subfield>
    </datafield>
    <datafield tag="974" ind1=" " ind2=" ">
      <subfield code="a">agid:6798381</subfield>
    </datafield>
    <datafield tag="983" ind1=" " ind2=" ">
      <subfield code="a">2020-01-02</subfield>
    </datafield>
    <datafield tag="984" ind1=" " ind2=" ">
      <subfield code="a">2020-06-15</subfield>
    </datafield>
  </record>