
  <record>
    <leader>03556nab a2200625 u 4500</leader>
    <controlfield tag="001">9915621383507426</controlfield>
    <controlfield tag="005">20221118233553.0</controlfield>
    <controlfield tag="008">200928e200808 xx |||||o|||||||||||eng||</controlfield>
    <datafield tag="016" ind1="7" ind2=" ">
      <subfield code="a">IND601290827</subfield>
      <subfield code="2">DNAL</subfield>
    </datafield>
    <datafield tag="024" ind1="7" ind2=" ">
      <subfield code="a">10.1659/mrd.0957</subfield>
      <subfield code="2">doi</subfield>
    </datafield>
    <datafield tag="024" ind1="4" ind2=" ">
      <subfield code="a">i0276-4741-28-3-248</subfield>
    </datafield>
    <datafield tag="035" ind1=" " ind2=" ">
      <subfield code="a">agid:1290827-01nal_inst</subfield>
    </datafield>
    <datafield tag="040" ind1=" " ind2=" ">
      <subfield code="a">AGL</subfield>
      <subfield code="b">eng</subfield>
      <subfield code="c">AGL</subfield>
    </datafield>
    <datafield tag="100" ind1="1" ind2=" ">
      <subfield code="a">Bolton, Gary H.</subfield>
      <subfield code="e">author</subfield>
    </datafield>
    <datafield tag="245" ind1="1" ind2="0">
      <subfield code="a">Evaluating Sustainability of Symplocos ramosissima Harvest for Herder
        Huts</subfield>
      <subfield code="b">A Case Study Near an Upper-elevation Village in Nepal</subfield>
    </datafield>
    <datafield tag="300" ind1=" " ind2=" ">
      <subfield code="a">p. 248-254.</subfield>
    </datafield>
    <datafield tag="500" ind1=" " ind2=" ">
      <subfield code="a">NAL-AP-2-clean</subfield>
    </datafield>
    <datafield tag="520" ind1=" " ind2=" ">
      <subfield code="a">Upper-elevation villagers in Nepal harvest large numbers of 5–10 cm
        diameter trees to construct itinerant herders' shelters. The harvest of these poles, as well
        as fuelwood and tree-leaf livestock fodder, may be altering upper-elevation forest structure
        and resource availability in Nepal. Near a village in west-central Nepal, we evaluated the
        sustainability of Symplocos ramosissima poles harvested for herders' shelter construction by
        comparing estimates of harvest and replenishment rates under 4 scenarios of spatial
        distribution of harvest within 3 equal-area forest types: 1) harvest evenly distributed, 2)
        harvest only in forest type closest to area of hut construction, 3) harvest in two closest
        forest types, 4) harvest in each forest type proportional to recent use patterns, as deduced
        from the density of stumps of pole-sized S. ramosissima. Mean density ± SE of pole-size S.
        ramosissima was 375 ± 32 stems ha⁻¹. Tree-ring analysis of 24 pole-size S. ramosissima
        indicated a mean age of 35 years and a mean of 11 years to grow from 5 cm to 10 cm dbh.
        Comparisons of harvest and replenishment rates suggest that only harvest scenario 1 (even
        distribution) was sustainable. Harvest scenario 2 (closest forest type) and scenario 3 (two
        closest forest types) were unsustainable. Harvest scenario 4 (proportional to stump density)
        was sustainable in the two farther forest types, but unsustainable in the forest type
        closest to agricultural fields.</subfield>
    </datafield>
    <datafield tag="592" ind1=" " ind2=" ">
      <subfield code="a">Publisher supplied data</subfield>
    </datafield>
    <datafield tag="593" ind1=" " ind2=" ">
      <subfield code="a">PubAg article</subfield>
    </datafield>
    <datafield tag="650" ind1=" " ind2="3">
      <subfield code="a">Symplocos</subfield>
    </datafield>
    <datafield tag="650" ind1=" " ind2="3">
      <subfield code="a">case studies</subfield>
    </datafield>
    <datafield tag="650" ind1=" " ind2="3">
      <subfield code="a">dendroclimatology</subfield>
    </datafield>
    <datafield tag="650" ind1=" " ind2="3">
      <subfield code="a">forage</subfield>
    </datafield>
    <datafield tag="650" ind1=" " ind2="3">
      <subfield code="a">forest types</subfield>
    </datafield>
    <datafield tag="650" ind1=" " ind2="3">
      <subfield code="a">fuelwood</subfield>
    </datafield>
    <datafield tag="650" ind1=" " ind2="3">
      <subfield code="a">livestock</subfield>
    </datafield>
    <datafield tag="650" ind1=" " ind2="3">
      <subfield code="a">research and development</subfield>
    </datafield>
    <datafield tag="650" ind1=" " ind2="3">
      <subfield code="a">villages</subfield>
    </datafield>
    <datafield tag="651" ind1=" " ind2="3">
      <subfield code="a">Nepal</subfield>
    </datafield>
    <datafield tag="653" ind1=" " ind2="0">
      <subfield code="a">Replenishment rates</subfield>
    </datafield>
    <datafield tag="653" ind1=" " ind2="0">
      <subfield code="a">indigenous resource use</subfield>
    </datafield>
    <datafield tag="653" ind1=" " ind2="0">
      <subfield code="a">spatial distribution of harvest</subfield>
    </datafield>
    <datafield tag="653" ind1=" " ind2="0">
      <subfield code="a">forest degradation</subfield>
    </datafield>
    <datafield tag="653" ind1=" " ind2="0">
      <subfield code="a">tree-ring analysis</subfield>
    </datafield>
    <datafield tag="700" ind1="1" ind2=" ">
      <subfield code="a">McClaran, Mitchel P.</subfield>
      <subfield code="e">author</subfield>
    </datafield>
    <datafield tag="773" ind1="0" ind2=" ">
      <subfield code="t">Mountain research and development.</subfield>
      <subfield code="g">2008 Aug., v. 28, no. 3 p.248-254</subfield>
      <subfield code="d">International Mountain Society and United Nations University</subfield>
      <subfield code="w">Journal:2017</subfield>
      <subfield code="x">0276-4741</subfield>
      <subfield code="7">nnas</subfield>
    </datafield>
    <datafield tag="787" ind1="1" ind2=" ">
      <subfield code="o">islandora_article_repository</subfield>
    </datafield>
    <datafield tag="787" ind1="1" ind2=" ">
      <subfield code="o">product_pubag</subfield>
    </datafield>
    <datafield tag="787" ind1="1" ind2=" ">
      <subfield code="o">(Journal)2017</subfield>
    </datafield>
    <datafield tag="856" ind1="4" ind2="0">
      <subfield code="u">https://dx.doi.org/10.1659/mrd.0957</subfield>
      <subfield code="3">Available from publisher's site</subfield>
    </datafield>
    <datafield tag="912" ind1=" " ind2=" ">
      <subfield code="a">Article</subfield>
    </datafield>
    <datafield tag="914" ind1=" " ind2=" ">
      <subfield code="a">Journal:2017</subfield>
      <subfield code="b">0276-4741</subfield>
      <subfield code="c">28</subfield>
      <subfield code="d">3</subfield>
      <subfield code="e">248</subfield>
    </datafield>
    <datafield tag="914" ind1=" " ind2=" ">
      <subfield code="f">Mountain research and development</subfield>
    </datafield>
    <datafield tag="916" ind1=" " ind2=" ">
      <subfield code="a">Batch:10145</subfield>
    </datafield>
    <datafield tag="917" ind1=" " ind2=" ">
      <subfield code="a">issued</subfield>
    </datafield>
    <datafield tag="918" ind1="2" ind2=" ">
      <subfield code="a">BioOne</subfield>
      <subfield code="e">provider</subfield>
      <subfield code="5">DNAL</subfield>
    </datafield>
    <datafield tag="935" ind1=" " ind2=" ">
      <subfield code="a">IND601290827</subfield>
      <subfield code="9">ExL</subfield>
    </datafield>
    <datafield tag="949" ind1=" " ind2=" ">
      <subfield code="a">2021-06-18</subfield>
    </datafield>
    <datafield tag="953" ind1=" " ind2=" ">
      <subfield code="a">/data/metadata/incoming/bioone/mrd.0957_front.xml.zip</subfield>
    </datafield>
    <datafield tag="954" ind1=" " ind2=" ">
      <subfield code="a">file:/data/metadata/staging/bioone/mrd.0957_front.xml</subfield>
    </datafield>
    <datafield tag="955" ind1=" " ind2=" ">
      <subfield code="a">/data/metadata/staging/bioone/</subfield>
    </datafield>
    <datafield tag="974" ind1=" " ind2=" ">
      <subfield code="a">agid:1290827</subfield>
    </datafield>
    <datafield tag="983" ind1=" " ind2=" ">
      <subfield code="a">2020-09-28</subfield>
    </datafield>
    <datafield tag="984" ind1=" " ind2=" ">
      <subfield code="a">2021-06-18</subfield>
    </datafield>
  </record>