
  <record>
    <leader>04917nab a2200697 u 4500</leader>
    <controlfield tag="001">9915621652407426</controlfield>
    <controlfield tag="005">20221118233728.0</controlfield>
    <controlfield tag="008">220621e20220901xx |||||o|||||||||||eng||</controlfield>
    <datafield tag="016" ind1="7" ind2=" ">
      <subfield code="a">IND607778481</subfield>
      <subfield code="2">DNAL</subfield>
    </datafield>
    <datafield tag="024" ind1="7" ind2=" ">
      <subfield code="a">10.1016/j.foreco.2022.120270</subfield>
      <subfield code="2">doi</subfield>
    </datafield>
    <datafield tag="035" ind1=" " ind2=" ">
      <subfield code="a">agid:7778481-01nal_inst</subfield>
    </datafield>
    <datafield tag="040" ind1=" " ind2=" ">
      <subfield code="a">AGL</subfield>
      <subfield code="b">eng</subfield>
      <subfield code="c">AGL</subfield>
    </datafield>
    <datafield tag="100" ind1="1" ind2=" ">
      <subfield code="a">Fertel, Hannah M.</subfield>
      <subfield code="e">author</subfield>
      <subfield code="u">Department of Plant Sciences, University of California, Davis, CA 95616,
        United States</subfield>
    </datafield>
    <datafield tag="245" ind1="1" ind2="0">
      <subfield code="a">Growth and spatial patterns of natural regeneration in Sierra Nevada
        mixed-conifer forests with a restored fire regime</subfield>
    </datafield>
    <datafield tag="520" ind1=" " ind2=" ">
      <subfield code="a">Many dry conifer forests in the western United States were historically
        adapted to frequent low-to-moderate severity fires, but are increasingly susceptible to
        large, stand-replacing wildfires due to dramatically altered stand conditions and changing
        climate. The historic tree spatial patterns of mature stands in fire-adapted forests –
        individual trees, clumps of trees, and openings (ICO) – are associated with heightened
        resistance and resilience to fire. How this pattern develops over time, however, is not well
        understood and could help inform reforestation practices better designed to increase fire
        resistance in developing stands. We investigated growth rates and spatial patterns among
        regenerating trees in mixed-conifer forests with restored fire regimes in California’s
        Sierra Nevada. We compared average stocking densities across tree species, size classes,
        shrub cover, and fire histories. We also examined the effects of microsite topography on
        spatial patterning of these juvenile trees, and the effects of clump patterning, local stem
        density and adjacent shrubs on tree growth rates. We found that the majority (75%) of
        sampled stems were found in clumps. Our mixed-effect models indicated that for trees growing
        within clumps, increased crowding slowed tree growth, as expected. Surprisingly, however,
        compared with individual trees growing outside clumps, trees growing within clumps grew
        significantly faster. Shrub cover in proximity to juvenile trees did not have a consistent
        impact across our models, but was associated with increased annual height growth.
        Additionally, plots with high shrub cover had higher stocking rates among the tallest
        regenerating stems (height &gt; 137 cm). Our findings indicate that clumped spatial patterns
        of natural tree recruitment may favor the establishment and early growth of regenerating
        conifers in active-fire forests. While our study focused only on the early stages
        (&lt;30 years old) of regeneration, our results contrast with common reforestation
        strategies favoring regular, widely-spaced plantings and aggressive shrub reduction. Our
        research suggests we need a better understanding of how heterogeneity in the spatial
        patterns of juvenile trees and shrubs may enhance the resilience of regenerating stands as
        they mature.</subfield>
    </datafield>
    <datafield tag="592" ind1=" " ind2=" ">
      <subfield code="a">Publisher supplied data</subfield>
    </datafield>
    <datafield tag="593" ind1=" " ind2=" ">
      <subfield code="a">PubAg article</subfield>
    </datafield>
    <datafield tag="650" ind1=" " ind2="3">
      <subfield code="a">administrative management</subfield>
    </datafield>
    <datafield tag="650" ind1=" " ind2="3">
      <subfield code="a">climate</subfield>
    </datafield>
    <datafield tag="650" ind1=" " ind2="3">
      <subfield code="a">conifers</subfield>
    </datafield>
    <datafield tag="650" ind1=" " ind2="3">
      <subfield code="a">fire regime</subfield>
    </datafield>
    <datafield tag="650" ind1=" " ind2="3">
      <subfield code="a">fire resistance</subfield>
    </datafield>
    <datafield tag="650" ind1=" " ind2="3">
      <subfield code="a">forest ecology</subfield>
    </datafield>
    <datafield tag="650" ind1=" " ind2="3">
      <subfield code="a">juveniles</subfield>
    </datafield>
    <datafield tag="650" ind1=" " ind2="3">
      <subfield code="a">mountains</subfield>
    </datafield>
    <datafield tag="650" ind1=" " ind2="3">
      <subfield code="a">natural regeneration</subfield>
    </datafield>
    <datafield tag="650" ind1=" " ind2="3">
      <subfield code="a">reforestation</subfield>
    </datafield>
    <datafield tag="650" ind1=" " ind2="3">
      <subfield code="a">shrubs</subfield>
    </datafield>
    <datafield tag="650" ind1=" " ind2="3">
      <subfield code="a">species recruitment</subfield>
    </datafield>
    <datafield tag="650" ind1=" " ind2="3">
      <subfield code="a">topography</subfield>
    </datafield>
    <datafield tag="650" ind1=" " ind2="3">
      <subfield code="a">tree growth</subfield>
    </datafield>
    <datafield tag="650" ind1=" " ind2="3">
      <subfield code="a">trees</subfield>
    </datafield>
    <datafield tag="651" ind1=" " ind2="3">
      <subfield code="a">California</subfield>
    </datafield>
    <datafield tag="653" ind1=" " ind2="0">
      <subfield code="a">Abies concolor</subfield>
    </datafield>
    <datafield tag="653" ind1=" " ind2="0">
      <subfield code="a">Clump</subfield>
    </datafield>
    <datafield tag="653" ind1=" " ind2="0">
      <subfield code="a">Disturbance</subfield>
    </datafield>
    <datafield tag="653" ind1=" " ind2="0">
      <subfield code="a">Fire ecology</subfield>
    </datafield>
    <datafield tag="653" ind1=" " ind2="0">
      <subfield code="a">ICO</subfield>
    </datafield>
    <datafield tag="653" ind1=" " ind2="0">
      <subfield code="a">Reforestation</subfield>
    </datafield>
    <datafield tag="653" ind1=" " ind2="0">
      <subfield code="a">Shrub cover</subfield>
    </datafield>
    <datafield tag="700" ind1="1" ind2=" ">
      <subfield code="a">North, Malcolm P.</subfield>
      <subfield code="e">author</subfield>
      <subfield code="u">U.S. Forest Service, PSW Research Station, Mammoth Lakes, CA 93546, United
        States</subfield>
    </datafield>
    <datafield tag="700" ind1="1" ind2=" ">
      <subfield code="a">Latimer, Andrew M.</subfield>
      <subfield code="e">author</subfield>
      <subfield code="u">Department of Plant Sciences, University of California, Davis, CA 95616,
        United States</subfield>
    </datafield>
    <datafield tag="700" ind1="1" ind2=" ">
      <subfield code="a">Ng, Jan</subfield>
      <subfield code="e">author</subfield>
      <subfield code="u">Department of Plant Sciences, University of California, Davis, CA 95616,
        United States</subfield>
    </datafield>
    <datafield tag="773" ind1="0" ind2=" ">
      <subfield code="t">Forest ecology and management.</subfield>
      <subfield code="g">2022 Sept. 01, v. 519 p.120270-</subfield>
      <subfield code="d">Elsevier B.V.</subfield>
      <subfield code="a">Elsevier B.V.</subfield>
      <subfield code="w">Journal:jnl9013</subfield>
      <subfield code="x">0378-1127</subfield>
      <subfield code="7">nnas</subfield>
    </datafield>
    <datafield tag="787" ind1="1" ind2=" ">
      <subfield code="o">islandora_article_repository</subfield>
    </datafield>
    <datafield tag="787" ind1="1" ind2=" ">
      <subfield code="o">product_pubag</subfield>
    </datafield>
    <datafield tag="787" ind1="1" ind2=" ">
      <subfield code="o">(Journal)jnl9013</subfield>
    </datafield>
    <datafield tag="856" ind1="4" ind2="0">
      <subfield code="u">https://dx.doi.org/10.1016/j.foreco.2022.120270</subfield>
      <subfield code="3">Available from publisher's site</subfield>
    </datafield>
    <datafield tag="912" ind1=" " ind2=" ">
      <subfield code="a">Article</subfield>
    </datafield>
    <datafield tag="914" ind1=" " ind2=" ">
      <subfield code="a">Journal:jnl9013</subfield>
      <subfield code="b">0378-1127</subfield>
      <subfield code="e">120270</subfield>
    </datafield>
    <datafield tag="914" ind1=" " ind2=" ">
      <subfield code="f">Forest ecology and management</subfield>
    </datafield>
    <datafield tag="917" ind1=" " ind2=" ">
      <subfield code="a">issued</subfield>
    </datafield>
    <datafield tag="918" ind1="2" ind2=" ">
      <subfield code="a">Elsevier Consyn</subfield>
      <subfield code="e">provider</subfield>
      <subfield code="5">DNAL</subfield>
    </datafield>
    <datafield tag="935" ind1=" " ind2=" ">
      <subfield code="a">IND607778481</subfield>
      <subfield code="9">ExL</subfield>
    </datafield>
    <datafield tag="949" ind1=" " ind2=" ">
      <subfield code="a">2022-05-22</subfield>
    </datafield>
    <datafield tag="953" ind1=" " ind2=" ">
      <subfield code="a">/data/metadata/incoming/consyn/469267274830851438-00003-HEAD-ONLY-NEW
        CONSYN ISSNS.zip</subfield>
    </datafield>
    <datafield tag="954" ind1=" " ind2=" ">
      <subfield code="a">file:/data/metadata/staging/consyn/S037811272200264X.xml</subfield>
    </datafield>
    <datafield tag="955" ind1=" " ind2=" ">
      <subfield code="a">/data/metadata/staging/consyn/</subfield>
    </datafield>
    <datafield tag="974" ind1=" " ind2=" ">
      <subfield code="a">agid:7778481</subfield>
    </datafield>
    <datafield tag="983" ind1=" " ind2=" ">
      <subfield code="a">2022-06-21</subfield>
    </datafield>
    <datafield tag="984" ind1=" " ind2=" ">
      <subfield code="a">2022-06-21</subfield>
    </datafield>
  </record>