
  <record>
    <leader>04192nab a2200661 u 4500</leader>
    <controlfield tag="001">9915621951707426</controlfield>
    <controlfield tag="005">20221118233641.0</controlfield>
    <controlfield tag="008">190401e201309 xx |||||o|||||||||||eng||</controlfield>
    <datafield tag="016" ind1="7" ind2=" ">
      <subfield code="a">IND601141803</subfield>
      <subfield code="2">DNAL</subfield>
    </datafield>
    <datafield tag="024" ind1="7" ind2=" ">
      <subfield code="a">10.1016/j.sajb.2013.05.010</subfield>
      <subfield code="2">doi</subfield>
    </datafield>
    <datafield tag="035" ind1=" " ind2=" ">
      <subfield code="a">agid:1141803-01nal_inst</subfield>
    </datafield>
    <datafield tag="040" ind1=" " ind2=" ">
      <subfield code="a">AGL</subfield>
      <subfield code="b">eng</subfield>
      <subfield code="c">AGL</subfield>
    </datafield>
    <datafield tag="100" ind1="1" ind2=" ">
      <subfield code="a">Adie, H.</subfield>
      <subfield code="e">author</subfield>
      <subfield code="u">School of Life Sciences, University of KwaZulu-Natal, Private Bag X01,
        Scottsville 3209, South Africa</subfield>
    </datafield>
    <datafield tag="245" ind1="1" ind2="0">
      <subfield code="a">Regeneration dynamics in arid subtropical thicket, South Africa</subfield>
    </datafield>
    <datafield tag="300" ind1=" " ind2=" ">
      <subfield code="a">p. 80-85.</subfield>
    </datafield>
    <datafield tag="500" ind1=" " ind2=" ">
      <subfield code="a">2019-12-04</subfield>
    </datafield>
    <datafield tag="520" ind1=" " ind2=" ">
      <subfield code="a">In arid environments nurse-plants modify localised habitats and create
        regeneration opportunities for seedlings vulnerable to hostile conditions created by biotic
        and abiotic factors. Facilitation is thus recognised as an important process structuring
        plant communities in harsh environments. Here we use spatial patterns of species association
        and recruitment to infer species replacement patterns in arid subtropical thicket of South
        Africa. Although our study site was floristically impoverished, all major plant functional
        groups that characterise subtropical thicket were present. Portulacaria afra clumps
        comprised approximately 50% of the study site by area. The mean and median clump size was
        16.5 and 6.9m2, respectively, indicating the prevalence of small individuals in the
        population. Approximately 90% of tree seedlings were recorded under P. afra clumps and 93%
        of P. afra seedlings were recorded under woody shrubs. P. afra seedlings were recorded more
        frequently than expected beneath Rhigozum obovatum compared with other woody shrub species.
        No clear recruitment patterns were recorded for R. obovatum. Lycium cinereum, a woody shrub,
        and the stem-succulent Psilocaulon absimile were distributed more frequently on nutrient
        rich patches than expected and both these species are replaced by grass as the nutrient rich
        patch ages. Mature trees were generally recorded growing to the south of the assumed
        founding P. afra stem indicating that tree establishment was more frequent on the shaded
        side of P. afra clumps. However, most trees grew towards the sunny north and east-facing
        aspects. Plant species replacement patterns are facilitated by nurse-plant effects in arid
        subtropical thicket. These recruitment patterns together with our inferred species
        replacement on nutrient rich patches result in a predictable sequence of species replacement
        that is cyclic in nature.</subfield>
    </datafield>
    <datafield tag="592" ind1=" " ind2=" ">
      <subfield code="a">Publisher supplied data</subfield>
    </datafield>
    <datafield tag="593" ind1=" " ind2=" ">
      <subfield code="a">PubAg article</subfield>
    </datafield>
    <datafield tag="650" ind1=" " ind2="3">
      <subfield code="a">grasses</subfield>
    </datafield>
    <datafield tag="650" ind1=" " ind2="3">
      <subfield code="a">shrubs</subfield>
    </datafield>
    <datafield tag="650" ind1=" " ind2="3">
      <subfield code="a">plant communities</subfield>
    </datafield>
    <datafield tag="650" ind1=" " ind2="3">
      <subfield code="a">seedlings</subfield>
    </datafield>
    <datafield tag="650" ind1=" " ind2="3">
      <subfield code="a">Lycium</subfield>
    </datafield>
    <datafield tag="650" ind1=" " ind2="3">
      <subfield code="a">nurse plants</subfield>
    </datafield>
    <datafield tag="650" ind1=" " ind2="3">
      <subfield code="a">trees</subfield>
    </datafield>
    <datafield tag="650" ind1=" " ind2="3">
      <subfield code="a">Portulacaria</subfield>
    </datafield>
    <datafield tag="650" ind1=" " ind2="3">
      <subfield code="a">woody plants</subfield>
    </datafield>
    <datafield tag="650" ind1=" " ind2="3">
      <subfield code="a">habitats</subfield>
    </datafield>
    <datafield tag="651" ind1=" " ind2="3">
      <subfield code="a">South Africa</subfield>
    </datafield>
    <datafield tag="653" ind1=" " ind2="0">
      <subfield code="a">recruitment</subfield>
    </datafield>
    <datafield tag="653" ind1=" " ind2="0">
      <subfield code="a">Competition</subfield>
    </datafield>
    <datafield tag="653" ind1=" " ind2="0">
      <subfield code="a">Cyclical succession</subfield>
    </datafield>
    <datafield tag="653" ind1=" " ind2="0">
      <subfield code="a">Nutrient enrichment</subfield>
    </datafield>
    <datafield tag="653" ind1=" " ind2="0">
      <subfield code="a">Disturbance</subfield>
    </datafield>
    <datafield tag="653" ind1=" " ind2="0">
      <subfield code="a">Facilitation</subfield>
    </datafield>
    <datafield tag="653" ind1=" " ind2="0">
      <subfield code="a">Safe site</subfield>
    </datafield>
    <datafield tag="653" ind1=" " ind2="0">
      <subfield code="a">Nurse plant</subfield>
    </datafield>
    <datafield tag="700" ind1="1" ind2=" ">
      <subfield code="a">Yeaton, R.I.</subfield>
      <subfield code="e">author</subfield>
      <subfield code="u">Instituto de Investigacion de Zonas Deserticas, Universidad Autonoma de San
        Luis Potosi, San Luis Potosi, S. L. P. 78377, Mexico</subfield>
    </datafield>
    <datafield tag="773" ind1="0" ind2=" ">
      <subfield code="t">South African journal of botany.</subfield>
      <subfield code="g">2013 Sept., v. 88 p.80-85</subfield>
      <subfield code="d">Elsevier B.V.</subfield>
      <subfield code="a">South African Association of Botanists</subfield>
      <subfield code="w">Journal:jnl34108</subfield>
      <subfield code="x">0254-6299</subfield>
      <subfield code="7">nnas</subfield>
    </datafield>
    <datafield tag="787" ind1="1" ind2=" ">
      <subfield code="o">islandora_article_repository</subfield>
    </datafield>
    <datafield tag="787" ind1="1" ind2=" ">
      <subfield code="o">product_pubag</subfield>
    </datafield>
    <datafield tag="787" ind1="1" ind2=" ">
      <subfield code="o">(Journal)jnl34108</subfield>
    </datafield>
    <datafield tag="856" ind1="4" ind2="0">
      <subfield code="u">https://dx.doi.org/10.1016/j.sajb.2013.05.010</subfield>
      <subfield code="3">Available from publisher's site</subfield>
    </datafield>
    <datafield tag="912" ind1=" " ind2=" ">
      <subfield code="a">Article</subfield>
    </datafield>
    <datafield tag="914" ind1=" " ind2=" ">
      <subfield code="a">Journal:jnl34108</subfield>
      <subfield code="b">0254-6299</subfield>
      <subfield code="c">88</subfield>
      <subfield code="e">80</subfield>
    </datafield>
    <datafield tag="914" ind1=" " ind2=" ">
      <subfield code="f">South African journal of botany</subfield>
    </datafield>
    <datafield tag="916" ind1=" " ind2=" ">
      <subfield code="a">Batch:743</subfield>
    </datafield>
    <datafield tag="917" ind1=" " ind2=" ">
      <subfield code="a">issued</subfield>
    </datafield>
    <datafield tag="918" ind1="2" ind2=" ">
      <subfield code="a">Elsevier Consyn</subfield>
      <subfield code="e">provider</subfield>
      <subfield code="5">DNAL</subfield>
    </datafield>
    <datafield tag="935" ind1=" " ind2=" ">
      <subfield code="a">IND601141803</subfield>
      <subfield code="9">ExL</subfield>
    </datafield>
    <datafield tag="949" ind1=" " ind2=" ">
      <subfield code="a">2019-04-01</subfield>
    </datafield>
    <datafield tag="953" ind1=" " ind2=" ">
      <subfield code="a"
        >/data/metadata/incoming/consyn-backfiles/46-2-00037-HEAD-ONLY.zip</subfield>
    </datafield>
    <datafield tag="954" ind1=" " ind2=" ">
      <subfield code="a"
        >file:/data/metadata/staging/consyn-backfiles/S0254629913002792.xml</subfield>
    </datafield>
    <datafield tag="955" ind1=" " ind2=" ">
      <subfield code="a">/data/metadata/staging/consyn-backfiles/</subfield>
    </datafield>
    <datafield tag="974" ind1=" " ind2=" ">
      <subfield code="a">agid:1141803</subfield>
    </datafield>
    <datafield tag="983" ind1=" " ind2=" ">
      <subfield code="a">2019-04-01</subfield>
    </datafield>
    <datafield tag="984" ind1=" " ind2=" ">
      <subfield code="a">2019-04-01</subfield>
    </datafield>
  </record>