
  <record>
    <leader>06018nab a2200793 u 4500</leader>
    <controlfield tag="001">9915622234107426</controlfield>
    <controlfield tag="005">20221119123051.0</controlfield>
    <controlfield tag="008">201124e202012 xx |||||o|||||||||||eng||</controlfield>
    <datafield tag="016" ind1="7" ind2=" ">
      <subfield code="a">IND607183046</subfield>
      <subfield code="2">DNAL</subfield>
    </datafield>
    <datafield tag="024" ind1="7" ind2=" ">
      <subfield code="a">10.1111/gcb.15376</subfield>
      <subfield code="2">doi</subfield>
    </datafield>
    <datafield tag="035" ind1=" " ind2=" ">
      <subfield code="a">agid:7183046-01nal_inst</subfield>
    </datafield>
    <datafield tag="040" ind1=" " ind2=" ">
      <subfield code="a">AGL</subfield>
      <subfield code="b">eng</subfield>
      <subfield code="c">AGL</subfield>
    </datafield>
    <datafield tag="100" ind1="1" ind2=" ">
      <subfield code="a">Luo, Weixue</subfield>
      <subfield code="e">author</subfield>
      <subfield code="u">Research Center of Forest Management Engineering of State Forestry and
        Grassland Administration, Beijing Forestry University, Beijing, China</subfield>
    </datafield>
    <datafield tag="245" ind1="1" ind2="0">
      <subfield code="a">New forest biomass carbon stock estimates in Northeast Asia based on
        multisource data</subfield>
    </datafield>
    <datafield tag="300" ind1=" " ind2=" ">
      <subfield code="a">p. 7045-7066.</subfield>
    </datafield>
    <datafield tag="500" ind1=" " ind2=" ">
      <subfield code="a">NAL-AP-2-clean</subfield>
    </datafield>
    <datafield tag="500" ind1=" " ind2=" ">
      <subfield code="a">JOURNAL ARTICLE</subfield>
    </datafield>
    <datafield tag="520" ind1=" " ind2=" ">
      <subfield code="a">Forests play an important role in both regional and global C cycles.
        However, the spatial patterns of biomass C density and underlying factors in Northeast Asia
        remain unclear. Here, we characterized spatial patterns and important drivers of biomass C
        density for Northeast Asia, based on multisource data from in situ forest inventories, as
        well as remote sensing, bioclimatic, topographic, and human footprint data. We derived, for
        the first time, high‐resolution (1 km × 1 km) maps of the current and future forest biomass
        C density for this region. Based on these maps, we estimated that current biomass C stock in
        northeastern China, the Democratic People's Republic of Korea, and Republic of Korea to be
        2.53, 0.40, and 0.35 Pg C, respectively. Biomass C stock in Northeast Asia has increased by
        20%–46% over the past 20 years, of which 40%–76% was contributed by planted forests. We
        estimated the biomass C stock in 2080 to be 6.13 and 6.50 Pg C under RCP4.5 and RCP8.5
        scenarios, respectively, which exceeded the present region‐wide C stock value by
        2.85–3.22 Pg C, and were 8%–14% higher than the baseline C stock value (5.70 Pg C). The
        spatial patterns of biomass C densities were found to vary greatly across the Northeast
        Asia, and largely decided by mean diameter at breast height, dominant height, elevation, and
        human footprint. Our results suggest that reforestation and forest conservation in Northeast
        Asia have effectively expanded the size of the carbon sink in the region, and sustainable
        forest management practices such as precision forestry and close forest monitoring for fire
        and insect outbreaks would be important to maintain and improve this critical carbon sink
        for Northeast Asia.</subfield>
    </datafield>
    <datafield tag="592" ind1=" " ind2=" ">
      <subfield code="a">Publisher supplied data</subfield>
    </datafield>
    <datafield tag="593" ind1=" " ind2=" ">
      <subfield code="a">PubAg article</subfield>
    </datafield>
    <datafield tag="596" ind1=" " ind2=" ">
      <subfield code="a">2017YFC0504005</subfield>
      <subfield code="c">National Key Research and Development Plan</subfield>
    </datafield>
    <datafield tag="596" ind1=" " ind2=" ">
      <subfield code="a">31971650</subfield>
      <subfield code="c">National Natural Science Foundation of China</subfield>
    </datafield>
    <datafield tag="596" ind1=" " ind2=" ">
      <subfield code="a">2019JQ03001</subfield>
      <subfield code="c">Beijing Forestry University Outstanding Young Talent Cultivation
        Project</subfield>
    </datafield>
    <datafield tag="596" ind1=" " ind2=" ">
      <subfield code="a">2018113A00‐1820‐BB01</subfield>
      <subfield code="c">Korea Forest Service</subfield>
    </datafield>
    <datafield tag="596" ind1=" " ind2=" ">
      <subfield code="a">2013069A00‐1819‐AA03</subfield>
      <subfield code="c">Korea Forest Service</subfield>
    </datafield>
    <datafield tag="596" ind1=" " ind2=" ">
      <subfield code="a">2020185D10‐2022‐AA02</subfield>
      <subfield code="c">Korea Forest Service</subfield>
    </datafield>
    <datafield tag="596" ind1=" " ind2=" ">
      <subfield code="c">Seoul National University Big Data Institute through the Data Science
        Research Project 2016</subfield>
    </datafield>
    <datafield tag="650" ind1=" " ind2="3">
      <subfield code="a">biomass</subfield>
    </datafield>
    <datafield tag="650" ind1=" " ind2="3">
      <subfield code="a">carbon sinks</subfield>
    </datafield>
    <datafield tag="650" ind1=" " ind2="3">
      <subfield code="a">forest conservation</subfield>
    </datafield>
    <datafield tag="650" ind1=" " ind2="3">
      <subfield code="a">forests</subfield>
    </datafield>
    <datafield tag="650" ind1=" " ind2="3">
      <subfield code="a">global change</subfield>
    </datafield>
    <datafield tag="650" ind1=" " ind2="3">
      <subfield code="a">humans</subfield>
    </datafield>
    <datafield tag="650" ind1=" " ind2="3">
      <subfield code="a">insects</subfield>
    </datafield>
    <datafield tag="650" ind1=" " ind2="3">
      <subfield code="a">reforestation</subfield>
    </datafield>
    <datafield tag="650" ind1=" " ind2="3">
      <subfield code="a">sustainable forestry</subfield>
    </datafield>
    <datafield tag="650" ind1=" " ind2="3">
      <subfield code="a">topography</subfield>
    </datafield>
    <datafield tag="650" ind1=" " ind2="3">
      <subfield code="a">tree and stand measurements</subfield>
    </datafield>
    <datafield tag="651" ind1=" " ind2="3">
      <subfield code="a">China</subfield>
    </datafield>
    <datafield tag="651" ind1=" " ind2="3">
      <subfield code="a">North Korea</subfield>
    </datafield>
    <datafield tag="651" ind1=" " ind2="3">
      <subfield code="a">South Korea</subfield>
    </datafield>
    <datafield tag="700" ind1="1" ind2=" ">
      <subfield code="a">Kim, Hyun Seok</subfield>
      <subfield code="e">author</subfield>
      <subfield code="u">Department of Agriculture, Forestry and Bioresources, Seoul National
        University, Seoul, Republic of Korea</subfield>
      <subfield code="1">https://orcid.org/0000-0002-3440-6071</subfield>
    </datafield>
    <datafield tag="700" ind1="1" ind2=" ">
      <subfield code="a">Zhao, Xiuhai</subfield>
      <subfield code="e">author</subfield>
      <subfield code="u">Research Center of Forest Management Engineering of State Forestry and
        Grassland Administration, Beijing Forestry University, Beijing, China</subfield>
      <subfield code="1">https://orcid.org/0000-0003-0879-4063</subfield>
    </datafield>
    <datafield tag="700" ind1="1" ind2=" ">
      <subfield code="a">Ryu, Daun</subfield>
      <subfield code="e">author</subfield>
      <subfield code="u">Interdisciplinary Program in Agricultural and Forest Meteorology, Seoul
        National University, Seoul, Republic of Korea</subfield>
    </datafield>
    <datafield tag="700" ind1="1" ind2=" ">
      <subfield code="a">Jung, Ilbin</subfield>
      <subfield code="e">author</subfield>
      <subfield code="u">Division of Forest Resources Information, Korea Forest Promotion Institute,
        Seoul, Republic of Korea</subfield>
    </datafield>
    <datafield tag="700" ind1="1" ind2=" ">
      <subfield code="a">Cho, Hyunkook</subfield>
      <subfield code="e">author</subfield>
      <subfield code="u">Division of Forest Resources Information, Korea Forest Promotion Institute,
        Seoul, Republic of Korea</subfield>
    </datafield>
    <datafield tag="700" ind1="1" ind2=" ">
      <subfield code="a">Harris, Nancy</subfield>
      <subfield code="e">author</subfield>
      <subfield code="u">World Resources Institute, Washington, DC, USA</subfield>
    </datafield>
    <datafield tag="700" ind1="1" ind2=" ">
      <subfield code="a">Ghosh, Sayon</subfield>
      <subfield code="e">author</subfield>
      <subfield code="u">Forest Advanced Computing and Artificial Intelligence Laboratory (FACAI),
        Department of Forestry and Natural Resources, Purdue University, West Lafayette, IN,
        USA</subfield>
    </datafield>
    <datafield tag="700" ind1="1" ind2=" ">
      <subfield code="a">Zhang, Chunyu</subfield>
      <subfield code="e">author</subfield>
      <subfield code="u">Research Center of Forest Management Engineering of State Forestry and
        Grassland Administration, Beijing Forestry University, Beijing, China</subfield>
      <subfield code="1">https://orcid.org/0000-0003-3091-5060</subfield>
    </datafield>
    <datafield tag="700" ind1="1" ind2=" ">
      <subfield code="a">Liang, Jingjing</subfield>
      <subfield code="e">author</subfield>
      <subfield code="u">Forest Advanced Computing and Artificial Intelligence Laboratory (FACAI),
        Department of Forestry and Natural Resources, Purdue University, West Lafayette, IN,
        USA</subfield>
      <subfield code="1">https://orcid.org/0000-0001-9439-9320</subfield>
    </datafield>
    <datafield tag="773" ind1="0" ind2=" ">
      <subfield code="t">Global change biology.</subfield>
      <subfield code="g">2020 Dec., v. 26, no. 12 p.7045-7066</subfield>
      <subfield code="d">John Wiley &amp; Sons, Ltd</subfield>
      <subfield code="w">Journal:jnl57021</subfield>
      <subfield code="x">1354-1013</subfield>
      <subfield code="7">nnas</subfield>
    </datafield>
    <datafield tag="787" ind1="1" ind2=" ">
      <subfield code="o">islandora_article_repository</subfield>
    </datafield>
    <datafield tag="787" ind1="1" ind2=" ">
      <subfield code="o">product_pubag</subfield>
    </datafield>
    <datafield tag="787" ind1="1" ind2=" ">
      <subfield code="o">(Journal)jnl57021</subfield>
    </datafield>
    <datafield tag="856" ind1="4" ind2="0">
      <subfield code="u">http://dx.doi.org/10.1111/gcb.15376</subfield>
      <subfield code="3">Available from publisher's site</subfield>
    </datafield>
    <datafield tag="912" ind1=" " ind2=" ">
      <subfield code="a">Article</subfield>
    </datafield>
    <datafield tag="914" ind1=" " ind2=" ">
      <subfield code="a">Journal:jnl57021</subfield>
      <subfield code="b">1354-1013</subfield>
      <subfield code="c">26</subfield>
      <subfield code="d">12</subfield>
      <subfield code="e">7045</subfield>
    </datafield>
    <datafield tag="914" ind1=" " ind2=" ">
      <subfield code="f">Global change biology</subfield>
    </datafield>
    <datafield tag="916" ind1=" " ind2=" ">
      <subfield code="a">Batch:10149</subfield>
    </datafield>
    <datafield tag="917" ind1=" " ind2=" ">
      <subfield code="a">issued</subfield>
    </datafield>
    <datafield tag="918" ind1="2" ind2=" ">
      <subfield code="a">John Wiley &amp; Sons, Inc</subfield>
      <subfield code="e">provider</subfield>
      <subfield code="5">DNAL</subfield>
    </datafield>
    <datafield tag="935" ind1=" " ind2=" ">
      <subfield code="a">IND607183046</subfield>
      <subfield code="9">ExL</subfield>
    </datafield>
    <datafield tag="949" ind1=" " ind2=" ">
      <subfield code="a">2021-06-18</subfield>
    </datafield>
    <datafield tag="953" ind1=" " ind2=" ">
      <subfield code="a">/data/metadata/incoming/wiley/13541013_2020_26_12.xml</subfield>
    </datafield>
    <datafield tag="954" ind1=" " ind2=" ">
      <subfield code="a">file:/data/metadata/staging/wiley/13541013_2020_26_12.xml</subfield>
    </datafield>
    <datafield tag="955" ind1=" " ind2=" ">
      <subfield code="a">/data/metadata/staging/wiley/</subfield>
    </datafield>
    <datafield tag="974" ind1=" " ind2=" ">
      <subfield code="a">agid:7183046</subfield>
    </datafield>
    <datafield tag="983" ind1=" " ind2=" ">
      <subfield code="a">2020-11-24</subfield>
    </datafield>
    <datafield tag="984" ind1=" " ind2=" ">
      <subfield code="a">2021-06-18</subfield>
    </datafield>
  </record>