
  <record>
    <leader>04402nab a2200661 u 4500</leader>
    <controlfield tag="001">9915622870207426</controlfield>
    <controlfield tag="005">20221119124558.0</controlfield>
    <controlfield tag="008">080306e20080215xx |||||o|||||||||||eng||</controlfield>
    <datafield tag="016" ind1="7" ind2=" ">
      <subfield code="a">IND44024366</subfield>
      <subfield code="2">DNAL</subfield>
    </datafield>
    <datafield tag="024" ind1="7" ind2=" ">
      <subfield code="a">10.1016/j.jhydrol.2007.11.030</subfield>
      <subfield code="2">doi</subfield>
    </datafield>
    <datafield tag="035" ind1=" " ind2=" ">
      <subfield code="a">agid:722901-01nal_inst</subfield>
    </datafield>
    <datafield tag="040" ind1=" " ind2=" ">
      <subfield code="a">AGL</subfield>
      <subfield code="b">eng</subfield>
      <subfield code="c">AGL</subfield>
    </datafield>
    <datafield tag="072" ind1=" " ind2="0">
      <subfield code="a">F300</subfield>
    </datafield>
    <datafield tag="072" ind1=" " ind2="0">
      <subfield code="a">P200</subfield>
    </datafield>
    <datafield tag="100" ind1="1" ind2=" ">
      <subfield code="a">Shaw, Jeremy R.</subfield>
    </datafield>
    <datafield tag="245" ind1="1" ind2="0">
      <subfield code="a">Linkages among watersheds, stream reaches, and riparian vegetation in
        dryland ephemeral stream networks</subfield>
    </datafield>
    <datafield tag="300" ind1=" " ind2=" ">
      <subfield code="a">p. 68-82.</subfield>
    </datafield>
    <datafield tag="500" ind1=" " ind2=" ">
      <subfield code="a">Includes references</subfield>
    </datafield>
    <datafield tag="500" ind1=" " ind2=" ">
      <subfield code="a">2019-12-06</subfield>
    </datafield>
    <datafield tag="520" ind1=" " ind2=" ">
      <subfield code="a">Ephemeral streams are common features of landscapes around the world, and
        are the predominant fluvial environment in arid zones. Current understanding of dryland
        riparian ecology is derived primarily from perennial stream environments, and little is
        known about the factors controlling vegetation along ephemeral streams. This study describes
        relationships between the physical characteristics of watersheds and stream reaches, and
        their effects on riparian plant communities, for 14 ephemeral stream reaches in the
        semi-arid southern Colorado Plateau, USA. Interactions of watershed properties produce
        gradients of hydro-geomorphic regimes throughout stream networks, which give rise to spatial
        patterns in the structure and composition of perennial woody plant and grass dominated
        communities. As watershed and network magnitudes increased, and basin slope decreased,
        stream reaches exhibited reduced erosive capacities and more attenuated alluvial groundwater
        variability. Decreased disturbance potential and increased moisture availability in the
        downstream direction was related to greater abundance of obligate riparian taxa, and
        increasing structural importance of shrub and tree species. Divisions in watershed and
        stream reach physical properties corresponded with riparian plant community types, implying
        that progress in dryland fluvial ecology could be made from research within a watershed or
        network context. These concepts are integrated to form a stream classification system that
        describes functional linkages between watersheds, stream reaches, and riparian plant
        ecology. Type I streams drain watersheds less than 10km², exhibit the greatest disturbance
        potential and most xeric alluvial groundwater regime, and are occupied by upland plant
        associations. Type II streams have watersheds between 10 and 100km², and have more moderate
        shear stresses and more persistent alluvial groundwater. Plant communities consisting of a
        mix of upland and riparian species occur in Type II reaches. Type III reaches drain
        watersheds of more than 100km² and hydrologic regimes are controlled mainly by upstream
        hydro-climatic conditions. These streams have the lowest bankfull shear stresses and
        perennial water tables that span expansive floodplains. Wetland tree and shrub communities
        dominate Type III reaches, and upland plants are a minor ecological component.</subfield>
    </datafield>
    <datafield tag="593" ind1=" " ind2=" ">
      <subfield code="a">PubAg article</subfield>
    </datafield>
    <datafield tag="650" ind1=" " ind2="3">
      <subfield code="a">ephemeral streams</subfield>
    </datafield>
    <datafield tag="650" ind1=" " ind2="3">
      <subfield code="a">shrubs</subfield>
    </datafield>
    <datafield tag="650" ind1=" " ind2="3">
      <subfield code="a">plant communities</subfield>
    </datafield>
    <datafield tag="650" ind1=" " ind2="3">
      <subfield code="a">semiarid zones</subfield>
    </datafield>
    <datafield tag="650" ind1=" " ind2="3">
      <subfield code="a">watersheds</subfield>
    </datafield>
    <datafield tag="650" ind1=" " ind2="3">
      <subfield code="a">trees</subfield>
    </datafield>
    <datafield tag="650" ind1=" " ind2="3">
      <subfield code="a">watershed hydrology</subfield>
    </datafield>
    <datafield tag="650" ind1=" " ind2="3">
      <subfield code="a">riparian areas</subfield>
    </datafield>
    <datafield tag="650" ind1=" " ind2="3">
      <subfield code="a">species diversity</subfield>
    </datafield>
    <datafield tag="650" ind1=" " ind2="3">
      <subfield code="a">water erosion</subfield>
    </datafield>
    <datafield tag="650" ind1=" " ind2="3">
      <subfield code="a">vegetation</subfield>
    </datafield>
    <datafield tag="650" ind1=" " ind2="3">
      <subfield code="a">water table</subfield>
    </datafield>
    <datafield tag="651" ind1=" " ind2="3">
      <subfield code="a">Colorado</subfield>
    </datafield>
    <datafield tag="653" ind1=" " ind2="0">
      <subfield code="a">stream reaches</subfield>
    </datafield>
    <datafield tag="653" ind1=" " ind2="0">
      <subfield code="a">community ecology</subfield>
    </datafield>
    <datafield tag="653" ind1=" " ind2="0">
      <subfield code="a">plant ecology</subfield>
    </datafield>
    <datafield tag="700" ind1="1" ind2=" ">
      <subfield code="a">Cooper, David J.</subfield>
    </datafield>
    <datafield tag="773" ind1="0" ind2=" ">
      <subfield code="t">Journal of hydrology.</subfield>
      <subfield code="g">2008 Feb. 15, v. 350, no. 1-2 p.68-82</subfield>
      <subfield code="d">Elsevier</subfield>
      <subfield code="x">0022-1694</subfield>
      <subfield code="7">nnas</subfield>
    </datafield>
    <datafield tag="787" ind1="1" ind2=" ">
      <subfield code="o">islandora_article_repository</subfield>
    </datafield>
    <datafield tag="787" ind1="1" ind2=" ">
      <subfield code="o">product_pubag</subfield>
    </datafield>
    <datafield tag="787" ind1="1" ind2=" ">
      <subfield code="o">(Journal)jnl46539</subfield>
    </datafield>
    <datafield tag="852" ind1=" " ind2=" ">
      <subfield code="a">DNAL</subfield>
    </datafield>
    <datafield tag="856" ind1="4" ind2="0">
      <subfield code="u">http://dx.doi.org/10.1016/j.jhydrol.2007.11.030</subfield>
      <subfield code="3">Available from publisher's Web site</subfield>
    </datafield>
    <datafield tag="912" ind1=" " ind2=" ">
      <subfield code="a">Article</subfield>
    </datafield>
    <datafield tag="914" ind1=" " ind2=" ">
      <subfield code="a">Journal:jnl46539</subfield>
      <subfield code="b">0022-1694</subfield>
      <subfield code="c">350</subfield>
      <subfield code="d">1-2</subfield>
      <subfield code="e">68</subfield>
    </datafield>
    <datafield tag="914" ind1=" " ind2=" ">
      <subfield code="f">Journal of hydrology</subfield>
    </datafield>
    <datafield tag="917" ind1=" " ind2=" ">
      <subfield code="a">issued</subfield>
    </datafield>
    <datafield tag="930" ind1=" " ind2=" ">
      <subfield code="a">20081107</subfield>
      <subfield code="b">20081206</subfield>
      <subfield code="c">00000000</subfield>
    </datafield>
    <datafield tag="935" ind1=" " ind2=" ">
      <subfield code="a">IND44024366</subfield>
      <subfield code="9">ExL</subfield>
    </datafield>
    <datafield tag="945" ind1=" " ind2=" ">
      <subfield code="a">IND</subfield>
      <subfield code="d">RHF</subfield>
      <subfield code="e">2008/11/07</subfield>
    </datafield>
    <datafield tag="946" ind1=" " ind2=" ">
      <subfield code="a">Non-US</subfield>
    </datafield>
    <datafield tag="949" ind1=" " ind2=" ">
      <subfield code="a">2014-07-17</subfield>
    </datafield>
    <datafield tag="952" ind1=" " ind2=" ">
      <subfield code="a">20081107 20081206 00000000</subfield>
      <subfield code="b">IND RHF 2008/11/07</subfield>
    </datafield>
    <datafield tag="974" ind1=" " ind2=" ">
      <subfield code="a">agid:722901</subfield>
    </datafield>
    <datafield tag="984" ind1=" " ind2=" ">
      <subfield code="a">2014-07-24</subfield>
    </datafield>
    <datafield tag="985" ind1=" " ind2=" ">
      <subfield code="a">Converted from MARCXML to MODS version 3.4 using MARC21slim2MODS3-4.xsl
        (Revision 1.95 2014/04/23)</subfield>
    </datafield>
    <datafield tag="986" ind1=" " ind2=" ">
      <subfield code="a">4024366</subfield>
    </datafield>
  </record>