
  <record>
    <leader>03525nab a2200541 u 4500</leader>
    <controlfield tag="001">9915622907607426</controlfield>
    <controlfield tag="005">20221119125043.0</controlfield>
    <controlfield tag="008">091002e200909 xx |||||o|||||||||||eng||</controlfield>
    <datafield tag="016" ind1="7" ind2=" ">
      <subfield code="a">IND44268740</subfield>
      <subfield code="2">DNAL</subfield>
    </datafield>
    <datafield tag="024" ind1="7" ind2=" ">
      <subfield code="a">10.1007/s10021-009-9272-2</subfield>
      <subfield code="2">doi</subfield>
    </datafield>
    <datafield tag="035" ind1=" " ind2=" ">
      <subfield code="a">agid:499873-01nal_inst</subfield>
    </datafield>
    <datafield tag="040" ind1=" " ind2=" ">
      <subfield code="a">AGL</subfield>
      <subfield code="b">eng</subfield>
      <subfield code="c">AGL</subfield>
    </datafield>
    <datafield tag="100" ind1="1" ind2=" ">
      <subfield code="a">Dalziel, Benjamin D.</subfield>
    </datafield>
    <datafield tag="245" ind1="1" ind2="0">
      <subfield code="a">Tree Mortality Following Boreal Forest Fires Reveals Scale-Dependant
        Interactions Between Community Structure and Fire Intensity</subfield>
    </datafield>
    <datafield tag="300" ind1=" " ind2=" ">
      <subfield code="a">p. 973-981.</subfield>
    </datafield>
    <datafield tag="500" ind1=" " ind2=" ">
      <subfield code="a">Includes references</subfield>
    </datafield>
    <datafield tag="520" ind1=" " ind2=" ">
      <subfield code="a">Fire disturbance patterns influence forest communities at a range of
        spatial scales. Forest community structure may also influence fire disturbance patterns,
        because tree species vary in their fuel value and in their tolerance to fire damage.
        However, the influence of community structure on fire disturbance likely depends on latent
        ecological differences between fires and on the spatial scale at which patterns are
        observed. Using data on fire intensity, community structure, and post-fire tree survival in
        four systematically sampled boreal forest fires, we tested the hypotheses that: (1) patterns
        in post-fire tree survival reflect interactions between fire intensity and community
        structure; (2) these relationships change with the spatial scale of observation. To test the
        first hypothesis, we used information theoretic methods to compare eight generalized linear
        mixed effects models describing the influence of community structure and fire intensity on
        tree survival in a 500 m² sample plot, accounting for latent fire-to-fire differences in
        response. To test the scaling hypothesis, we reaveraged the data at nine successively larger
        spatial resolutions up to approximately 2 km², at each resolution tracking the parameter
        values of the best model. When fit to the plot-level data, the dominant feature of the best
        model was a strong intensity-survival correlation which varied from fire to fire, and
        depended on plot-level community structure. In some fires, community structure and survival
        became more tightly coupled at larger scales, whereas fire intensity became less important.
        These results support the view that fire disturbance patterns are influenced by cross-scale
        interactions between community structure and fire intensity.</subfield>
    </datafield>
    <datafield tag="593" ind1=" " ind2=" ">
      <subfield code="a">PubAg article</subfield>
    </datafield>
    <datafield tag="650" ind1=" " ind2="3">
      <subfield code="a">boreal forests</subfield>
    </datafield>
    <datafield tag="650" ind1=" " ind2="3">
      <subfield code="a">community structure</subfield>
    </datafield>
    <datafield tag="650" ind1=" " ind2="3">
      <subfield code="a">energy content</subfield>
    </datafield>
    <datafield tag="650" ind1=" " ind2="3">
      <subfield code="a">fire intensity</subfield>
    </datafield>
    <datafield tag="650" ind1=" " ind2="3">
      <subfield code="a">forest communities</subfield>
    </datafield>
    <datafield tag="650" ind1=" " ind2="3">
      <subfield code="a">forest fires</subfield>
    </datafield>
    <datafield tag="650" ind1=" " ind2="3">
      <subfield code="a">models</subfield>
    </datafield>
    <datafield tag="650" ind1=" " ind2="3">
      <subfield code="a">tree mortality</subfield>
    </datafield>
    <datafield tag="650" ind1=" " ind2="3">
      <subfield code="a">trees</subfield>
    </datafield>
    <datafield tag="700" ind1="1" ind2=" ">
      <subfield code="a">Perera, Ajith H.</subfield>
    </datafield>
    <datafield tag="773" ind1="0" ind2=" ">
      <subfield code="t">Ecosystems.</subfield>
      <subfield code="g">2009 Sept., v. 12, no. 6 p.973-981</subfield>
      <subfield code="d">Springer-Verlag</subfield>
      <subfield code="x">1432-9840</subfield>
      <subfield code="7">nnas</subfield>
    </datafield>
    <datafield tag="787" ind1="1" ind2=" ">
      <subfield code="o">islandora_article_repository</subfield>
    </datafield>
    <datafield tag="787" ind1="1" ind2=" ">
      <subfield code="o">product_pubag</subfield>
    </datafield>
    <datafield tag="787" ind1="1" ind2=" ">
      <subfield code="o">(Journal)jnl70038</subfield>
    </datafield>
    <datafield tag="852" ind1=" " ind2=" ">
      <subfield code="a">DNAL</subfield>
    </datafield>
    <datafield tag="856" ind1="4" ind2="0">
      <subfield code="u">http://dx.doi.org/10.1007/s10021-009-9272-2</subfield>
    </datafield>
    <datafield tag="912" ind1=" " ind2=" ">
      <subfield code="a">Article</subfield>
    </datafield>
    <datafield tag="914" ind1=" " ind2=" ">
      <subfield code="a">Journal:jnl70038</subfield>
      <subfield code="b">1432-9840</subfield>
      <subfield code="c">12</subfield>
      <subfield code="d">6</subfield>
      <subfield code="e">973</subfield>
    </datafield>
    <datafield tag="914" ind1=" " ind2=" ">
      <subfield code="f">Ecosystems</subfield>
    </datafield>
    <datafield tag="917" ind1=" " ind2=" ">
      <subfield code="a">issued</subfield>
    </datafield>
    <datafield tag="935" ind1=" " ind2=" ">
      <subfield code="a">IND44268740</subfield>
      <subfield code="9">ExL</subfield>
    </datafield>
    <datafield tag="949" ind1=" " ind2=" ">
      <subfield code="a">2013-12-31</subfield>
    </datafield>
    <datafield tag="962" ind1=" " ind2=" ">
      <subfield code="a">Journal ISSN is 1435-0629</subfield>
    </datafield>
    <datafield tag="962" ind1=" " ind2=" ">
      <subfield code="a">Batch:400 annotated on 2013-12-13T14:28:25Z</subfield>
    </datafield>
    <datafield tag="962" ind1=" " ind2=" ">
      <subfield code="a">Batch:400 reviewed on 2013-12-30T16:00:03Z</subfield>
    </datafield>
    <datafield tag="962" ind1=" " ind2=" ">
      <subfield code="a">Batch:400 reviewed on 2013-12-31T04:00:03Z</subfield>
    </datafield>
    <datafield tag="974" ind1=" " ind2=" ">
      <subfield code="a">agid:499873</subfield>
    </datafield>
    <datafield tag="984" ind1=" " ind2=" ">
      <subfield code="a">2009-11-07</subfield>
    </datafield>
    <datafield tag="985" ind1=" " ind2=" ">
      <subfield code="a">Converted from MARCXML to MODS version 3.4 using MARC21slim2MODS3-4.xsl
        (Revision 1.77 2012/03/23)</subfield>
    </datafield>
    <datafield tag="986" ind1=" " ind2=" ">
      <subfield code="a">4268740</subfield>
    </datafield>
  </record>