
  <record>
    <leader>04359nab a2200589 u 4500</leader>
    <controlfield tag="001">9915623744207426</controlfield>
    <controlfield tag="005">20221119132508.0</controlfield>
    <controlfield tag="008">150219e201503 xx |||||o|||||||||||eng||</controlfield>
    <datafield tag="016" ind1="7" ind2=" ">
      <subfield code="a">IND601212529</subfield>
      <subfield code="2">DNAL</subfield>
    </datafield>
    <datafield tag="024" ind1="7" ind2=" ">
      <subfield code="a">10.1111/1365-2656.12287</subfield>
      <subfield code="2">doi</subfield>
    </datafield>
    <datafield tag="035" ind1=" " ind2=" ">
      <subfield code="a">agid:1212529-01nal_inst</subfield>
    </datafield>
    <datafield tag="040" ind1=" " ind2=" ">
      <subfield code="a">AGL</subfield>
      <subfield code="b">eng</subfield>
      <subfield code="c">AGL</subfield>
    </datafield>
    <datafield tag="100" ind1="1" ind2=" ">
      <subfield code="a">Heino, Jani</subfield>
      <subfield code="e">author</subfield>
      <subfield code="u">Finnish Environment Institute, Natural Environment Centre, Biodiversity, PO
        Box 413, FI‐90014, Oulu, Finland</subfield>
    </datafield>
    <datafield tag="245" ind1="1" ind2="0">
      <subfield code="a">Elements of regional beetle faunas: faunal variation and compositional
        breakpoints along climate, land cover and geographical gradients</subfield>
    </datafield>
    <datafield tag="300" ind1=" " ind2=" ">
      <subfield code="a">p. 427-441.</subfield>
    </datafield>
    <datafield tag="520" ind1=" " ind2=" ">
      <subfield code="a">Regional faunas are structured by historical, spatial and environmental
        factors. We studied large‐scale variation in four ecologically different beetle groups
        (Coleoptera: Dytiscidae, Carabidae, Hydrophiloidea, Cerambycidae) along climate, land cover
        and geographical gradients, examined faunal breakpoints in relation to environmental
        variables, and investigated the best fit pattern of assemblage variation (i.e. randomness,
        checkerboards, nestedness, evenly spaced, Gleasonian, Clementsian). We applied statistical
        methods typically used in the analysis of local ecological communities to provide novel
        insights into faunal compositional patterns at large spatial grain and geographical extent.
        We found that spatially structured variation in climate and land cover accounted for most
        variation in each beetle group in partial redundancy analyses, whereas the individual effect
        of each explanatory variable group was generally much less important in accounting for
        variation in provincial species composition. We also found that climate variables were most
        strongly associated with faunal breakpoints, with temperature‐related variables alone
        accounting for about 20% of variation at the first node of multivariate regression tree for
        each beetle group. The existence of faunal breakpoints was also shown by the ‘elements of
        faunal structure’ analyses, which suggested Clementsian gradients across the provinces, that
        is, that there were two or more clear groups of species responding similarly to the
        underlying ecological gradients. The four beetle groups showed highly similar
        biogeographical patterns across our study area. The fact that temperature was related to
        faunal breakpoints in the species composition of each beetle group suggests that climate
        sets a strong filter to the distributions of species at this combination of spatial grain
        and spatial extent. This finding held true despite the ecological differences among the four
        beetle groups, ranging from fully aquatic to fully terrestrial and from herbivorous to
        predaceous species. The existence of Clementsian gradients may be a common phenomenon at
        large scales, and it is likely to be caused by crossing multiple species pools determined by
        climatic and historical factors on the distributions of species.</subfield>
    </datafield>
    <datafield tag="592" ind1=" " ind2=" ">
      <subfield code="a">Publisher supplied data</subfield>
    </datafield>
    <datafield tag="593" ind1=" " ind2=" ">
      <subfield code="a">PubAg article</subfield>
    </datafield>
    <datafield tag="650" ind1=" " ind2="3">
      <subfield code="a">Carabidae</subfield>
    </datafield>
    <datafield tag="650" ind1=" " ind2="3">
      <subfield code="a">Cerambycidae</subfield>
    </datafield>
    <datafield tag="650" ind1=" " ind2="3">
      <subfield code="a">Dytiscidae</subfield>
    </datafield>
    <datafield tag="650" ind1=" " ind2="3">
      <subfield code="a">animal ecology</subfield>
    </datafield>
    <datafield tag="650" ind1=" " ind2="3">
      <subfield code="a">biogeography</subfield>
    </datafield>
    <datafield tag="650" ind1=" " ind2="3">
      <subfield code="a">climate</subfield>
    </datafield>
    <datafield tag="650" ind1=" " ind2="3">
      <subfield code="a">environmental factors</subfield>
    </datafield>
    <datafield tag="650" ind1=" " ind2="3">
      <subfield code="a">land cover</subfield>
    </datafield>
    <datafield tag="650" ind1=" " ind2="3">
      <subfield code="a">nestedness</subfield>
    </datafield>
    <datafield tag="650" ind1=" " ind2="3">
      <subfield code="a">regression analysis</subfield>
    </datafield>
    <datafield tag="650" ind1=" " ind2="3">
      <subfield code="a">species diversity</subfield>
    </datafield>
    <datafield tag="650" ind1=" " ind2="3">
      <subfield code="a">temperature</subfield>
    </datafield>
    <datafield tag="700" ind1="1" ind2=" ">
      <subfield code="a">Alahuhta, Janne</subfield>
      <subfield code="e">author</subfield>
    </datafield>
    <datafield tag="700" ind1="1" ind2=" ">
      <subfield code="a">Johansson, Frank</subfield>
      <subfield code="e">author</subfield>
    </datafield>
    <datafield tag="773" ind1="0" ind2=" ">
      <subfield code="t">journal of animal ecology.</subfield>
      <subfield code="g">2015 Mar., v. 84, no. 2 p.427-441</subfield>
      <subfield code="d">Blackwell Scientific Publ.</subfield>
      <subfield code="x">0021-8790</subfield>
      <subfield code="7">nnas</subfield>
    </datafield>
    <datafield tag="787" ind1="1" ind2=" ">
      <subfield code="o">islandora_article_repository</subfield>
    </datafield>
    <datafield tag="787" ind1="1" ind2=" ">
      <subfield code="o">product_pubag</subfield>
    </datafield>
    <datafield tag="787" ind1="1" ind2=" ">
      <subfield code="o">(Journal)jnl16424</subfield>
    </datafield>
    <datafield tag="856" ind1="4" ind2="0">
      <subfield code="u">http://dx.doi.org/10.1111/1365-2656.12287</subfield>
      <subfield code="3">Available from publisher's site</subfield>
    </datafield>
    <datafield tag="912" ind1=" " ind2=" ">
      <subfield code="a">Article</subfield>
    </datafield>
    <datafield tag="914" ind1=" " ind2=" ">
      <subfield code="a">Journal:jnl16424</subfield>
      <subfield code="b">0021-8790</subfield>
      <subfield code="c">84</subfield>
      <subfield code="d">2</subfield>
      <subfield code="e">427</subfield>
    </datafield>
    <datafield tag="914" ind1=" " ind2=" ">
      <subfield code="f">journal of animal ecology</subfield>
    </datafield>
    <datafield tag="916" ind1=" " ind2=" ">
      <subfield code="a">Batch:886</subfield>
    </datafield>
    <datafield tag="917" ind1=" " ind2=" ">
      <subfield code="a">issued</subfield>
    </datafield>
    <datafield tag="918" ind1="2" ind2=" ">
      <subfield code="a">John Wiley &amp; Sons, Inc</subfield>
      <subfield code="e">provider</subfield>
      <subfield code="5">DNAL</subfield>
    </datafield>
    <datafield tag="935" ind1=" " ind2=" ">
      <subfield code="a">IND601212529</subfield>
      <subfield code="9">ExL</subfield>
    </datafield>
    <datafield tag="949" ind1=" " ind2=" ">
      <subfield code="a">2015-05-12</subfield>
    </datafield>
    <datafield tag="953" ind1=" " ind2=" ">
      <subfield code="a">00218790_2015_84_2.xml</subfield>
    </datafield>
    <datafield tag="962" ind1=" " ind2=" ">
      <subfield code="a">Batch:886 annotated on 2015-04-06T20:19:19Z</subfield>
    </datafield>
    <datafield tag="962" ind1=" " ind2=" ">
      <subfield code="a">Batch:886 reviewed on 2015-05-04T04:00:04Z</subfield>
    </datafield>
    <datafield tag="962" ind1=" " ind2=" ">
      <subfield code="a">Batch:886 reviewed on 2015-05-12T11:00:05Z</subfield>
    </datafield>
    <datafield tag="974" ind1=" " ind2=" ">
      <subfield code="a">agid:1212529</subfield>
    </datafield>
    <datafield tag="983" ind1=" " ind2=" ">
      <subfield code="a">2015-02-19</subfield>
    </datafield>
    <datafield tag="984" ind1=" " ind2=" ">
      <subfield code="a">2015-05-12</subfield>
    </datafield>
  </record>