
  <record>
    <leader>03221nab a2200589 u 4500</leader>
    <controlfield tag="001">9915623767007426</controlfield>
    <controlfield tag="005">20221119132631.0</controlfield>
    <controlfield tag="008">970312e199612 bcc|||||o|||||||||||eng||</controlfield>
    <datafield tag="016" ind1="7" ind2=" ">
      <subfield code="a">IND20558704</subfield>
      <subfield code="2">DNAL</subfield>
    </datafield>
    <datafield tag="035" ind1=" " ind2=" ">
      <subfield code="a">agid:3061320-01nal_inst</subfield>
    </datafield>
    <datafield tag="040" ind1=" " ind2=" ">
      <subfield code="a">AGL</subfield>
      <subfield code="b">eng</subfield>
      <subfield code="c">AGL</subfield>
    </datafield>
    <datafield tag="100" ind1="1" ind2=" ">
      <subfield code="a">Sung, S.S.</subfield>
    </datafield>
    <datafield tag="245" ind1="1" ind2="0">
      <subfield code="a">Temporal and spatial aspects of root and stem sucrose metabolism in
        loblolly pine trees</subfield>
    </datafield>
    <datafield tag="300" ind1=" " ind2=" ">
      <subfield code="a">p. 1003-1008.</subfield>
    </datafield>
    <datafield tag="500" ind1=" " ind2=" ">
      <subfield code="a">In the special issue: Dynamics of physiological processes in woody roots /
        edited by M.A. Topa, P.T. Rygiewicz and J.R. Cumming. Proceedings of a symposium held
        October 8-11, 1995, Ithaca, New York.</subfield>
    </datafield>
    <datafield tag="500" ind1=" " ind2=" ">
      <subfield code="a">2019-12-05</subfield>
    </datafield>
    <datafield tag="520" ind1=" " ind2=" ">
      <subfield code="a">We studied root and stem sucrose metabolism in trees excavated from a
        9-year-old artificially regenerated loblolly pine (Pinus taeda L.) plantation. Sucrose
        synthase (SS) activities in stem and taproot vascular cambial tissues followed similar
        seasonal patterns until they peaked during September. After September, stem SS activity
        disappeared quickly, whereas taproots exhibited SS activity even in January.
        Pyrophosphate-dependent phosphofructokinase (PPi-PFK) activity tracked SS activity. The
        activities of ATP-dependent PFK and several other glycolytic enzymes (e.g.,
        phosphoglucomutase and phosphoglucoisomerase) remained relatively constant in cambial
        tissues of stem, taproot, and all first-order lateral roots (FOLRs) throughout the year.
        However, during the growing season, individual FOLRs exhibited variable sucrose metabolic
        activities that were independent of root diameter or position on the taproot. The FOLRs with
        low or no SS activity also had low PPi-PFK activity. We propose that when intense
        competition for sucrose occurs among different organs of a tree, the variable activities of
        the sucrose metabolic enzymes in FOLRs ensure that enough sucrose is allocated to the stem
        and taproot for growth. For a tree's long-term survival and growth, second or higher-order
        roots can be sacrificed, whereas FOLRs, stem and taproot are essential.</subfield>
    </datafield>
    <datafield tag="650" ind1=" " ind2="3">
      <subfield code="a">stems</subfield>
    </datafield>
    <datafield tag="650" ind1=" " ind2="3">
      <subfield code="a">sucrose</subfield>
    </datafield>
    <datafield tag="650" ind1=" " ind2="3">
      <subfield code="a">adenosine triphosphate</subfield>
    </datafield>
    <datafield tag="650" ind1=" " ind2="3">
      <subfield code="a">seasonal variation</subfield>
    </datafield>
    <datafield tag="650" ind1=" " ind2="3">
      <subfield code="a">phosphoglucomutase</subfield>
    </datafield>
    <datafield tag="650" ind1=" " ind2="3">
      <subfield code="a">pyrophosphates</subfield>
    </datafield>
    <datafield tag="650" ind1=" " ind2="3">
      <subfield code="a">glycolysis</subfield>
    </datafield>
    <datafield tag="650" ind1=" " ind2="3">
      <subfield code="a">Pinus taeda</subfield>
    </datafield>
    <datafield tag="650" ind1=" " ind2="3">
      <subfield code="a">cambium</subfield>
    </datafield>
    <datafield tag="650" ind1=" " ind2="3">
      <subfield code="a">enzyme activity</subfield>
    </datafield>
    <datafield tag="650" ind1=" " ind2="3">
      <subfield code="a">roots</subfield>
    </datafield>
    <datafield tag="650" ind1=" " ind2="3">
      <subfield code="a">sucrose synthase</subfield>
    </datafield>
    <datafield tag="651" ind1=" " ind2="3">
      <subfield code="a">South Carolina</subfield>
    </datafield>
    <datafield tag="653" ind1=" " ind2="0">
      <subfield code="a">metabolism</subfield>
    </datafield>
    <datafield tag="653" ind1=" " ind2="0">
      <subfield code="a">isomerases</subfield>
    </datafield>
    <datafield tag="653" ind1=" " ind2="0">
      <subfield code="a">phosphofructokinase</subfield>
    </datafield>
    <datafield tag="700" ind1="1" ind2=" ">
      <subfield code="a">Kormanik, P.P.</subfield>
    </datafield>
    <datafield tag="700" ind1="1" ind2=" ">
      <subfield code="a">Black, C.C.</subfield>
    </datafield>
    <datafield tag="773" ind1="0" ind2=" ">
      <subfield code="t">Tree physiology.</subfield>
      <subfield code="g">1996 , v. 16, no. 11/12 p.1003-1008</subfield>
      <subfield code="x">0829-318X</subfield>
      <subfield code="7">nnas</subfield>
    </datafield>
    <datafield tag="787" ind1="1" ind2=" ">
      <subfield code="o">islandora_article_repository</subfield>
    </datafield>
    <datafield tag="787" ind1="1" ind2=" ">
      <subfield code="o">(Journal)jnl41003</subfield>
    </datafield>
    <datafield tag="852" ind1=" " ind2=" ">
      <subfield code="a">DNAL</subfield>
    </datafield>
    <datafield tag="912" ind1=" " ind2=" ">
      <subfield code="a">Article</subfield>
    </datafield>
    <datafield tag="914" ind1=" " ind2=" ">
      <subfield code="a">Journal:jnl41003</subfield>
    </datafield>
    <datafield tag="914" ind1=" " ind2=" ">
      <subfield code="f">Tree physiol</subfield>
    </datafield>
    <datafield tag="917" ind1=" " ind2=" ">
      <subfield code="a">issued</subfield>
    </datafield>
    <datafield tag="930" ind1=" " ind2=" ">
      <subfield code="a">19970501</subfield>
      <subfield code="b">19970508</subfield>
      <subfield code="c">00000000</subfield>
    </datafield>
    <datafield tag="935" ind1=" " ind2=" ">
      <subfield code="a">IND20558704</subfield>
      <subfield code="9">ExL</subfield>
    </datafield>
    <datafield tag="945" ind1=" " ind2=" ">
      <subfield code="a">IND</subfield>
      <subfield code="d">MKS</subfield>
    </datafield>
    <datafield tag="946" ind1=" " ind2=" ">
      <subfield code="a">Non-US</subfield>
    </datafield>
    <datafield tag="952" ind1=" " ind2=" ">
      <subfield code="a">19970501 19970508 00000000</subfield>
      <subfield code="b">IND MKS </subfield>
    </datafield>
    <datafield tag="974" ind1=" " ind2=" ">
      <subfield code="a">agid:3061320</subfield>
    </datafield>
    <datafield tag="984" ind1=" " ind2=" ">
      <subfield code="a">2014-12-25</subfield>
    </datafield>
    <datafield tag="985" ind1=" " ind2=" ">
      <subfield code="a">Converted from MARCXML to MODS version 3.4 using MARC21slim2MODS3-4.xsl
        (Revision 1.95 2014/04/23)</subfield>
    </datafield>
    <datafield tag="986" ind1=" " ind2=" ">
      <subfield code="a">3203595</subfield>
    </datafield>
  </record>