
  <record>
    <leader>04165nab a2200589 u 4500</leader>
    <controlfield tag="001">9915623941207426</controlfield>
    <controlfield tag="005">20221119132548.0</controlfield>
    <controlfield tag="008">190401e20180624xx |||||o|||||||||||eng||</controlfield>
    <datafield tag="016" ind1="7" ind2=" ">
      <subfield code="a">IND606338459</subfield>
      <subfield code="2">DNAL</subfield>
    </datafield>
    <datafield tag="024" ind1="7" ind2=" ">
      <subfield code="a">10.1016/j.ecolmodel.2018.03.012</subfield>
      <subfield code="2">doi</subfield>
    </datafield>
    <datafield tag="035" ind1=" " ind2=" ">
      <subfield code="a">agid:6338459-01nal_inst</subfield>
    </datafield>
    <datafield tag="040" ind1=" " ind2=" ">
      <subfield code="a">AGL</subfield>
      <subfield code="b">eng</subfield>
      <subfield code="c">AGL</subfield>
    </datafield>
    <datafield tag="100" ind1="1" ind2=" ">
      <subfield code="a">Lister, Andrew J.</subfield>
      <subfield code="e">author</subfield>
      <subfield code="u">US Forest Service, 11 Campus Blvd, Ste. 200, Newtown Square, PA 19073,
        United States</subfield>
    </datafield>
    <datafield tag="245" ind1="1" ind2="0">
      <subfield code="a">Modeling and simulation of tree spatial patterns in an oak-hickory forest
        with a modular, hierarchical spatial point process framework</subfield>
    </datafield>
    <datafield tag="300" ind1=" " ind2=" ">
      <subfield code="a">p. 37-45.</subfield>
    </datafield>
    <datafield tag="520" ind1=" " ind2=" ">
      <subfield code="a">Modeling and simulating tree spatial distribution in complex forests is
        important to ecologists and applied scientists who seek to both understand pattern-creating
        biological processes and create realistic model forests that can be used for hypothesis
        testing and sampling experiments. Several patterns of tree spatial distribution can co-occur
        in a forest. Clustering can occur due to localized patterns of growth and mortality of
        larger trees and corresponding regeneration of smaller trees, while trees of medium size can
        exhibit more uniform patterns. Inter-tree interaction may be characterized by asymmetry of
        competitive strength, with larger individuals having a disproportionate influence on smaller
        individuals.Many point process modeling approaches exist, but few have incorporated
        hierarchical principles that describe inter-tree competition. Those that do sometimes assume
        symmetric interaction among trees, which can be unrealistic. None of the existing models
        allow for the use of different model types at each level of the hierarchy, something that
        could provide a more realistic representation of the patterns displayed by trees of
        different size. In this study, we model and simulate a forest using a novel, modular,
        hierarchical approach that allows for the use of different model types at each hierarchy
        level, and incorporates asymmetrical interactions as well as the effects of environmental
        covariates. The forest is a mid-successional 8-ha stem-mapped oak-hickory watershed in
        Pennsylvania, USA. Results suggest that asymmetrical interactions based on tree size do
        exist, and these are mediated by the effects of topography. The hierarchical models
        reproduce the spatial patterns found in the original data better than non-hierarchical
        versions of the same models. The flexibility afforded by the modularity of our modeling
        framework will allow simulation of forests with varying levels of complexity as well as the
        testing of ecological hypotheses about drivers of spatial pattern creation.</subfield>
    </datafield>
    <datafield tag="592" ind1=" " ind2=" ">
      <subfield code="a">Publisher supplied data</subfield>
    </datafield>
    <datafield tag="593" ind1=" " ind2=" ">
      <subfield code="a">PubAg article</subfield>
    </datafield>
    <datafield tag="650" ind1=" " ind2="3">
      <subfield code="a">asymmetry</subfield>
    </datafield>
    <datafield tag="650" ind1=" " ind2="3">
      <subfield code="a">forests</subfield>
    </datafield>
    <datafield tag="650" ind1=" " ind2="3">
      <subfield code="a">models</subfield>
    </datafield>
    <datafield tag="650" ind1=" " ind2="3">
      <subfield code="a">mortality</subfield>
    </datafield>
    <datafield tag="650" ind1=" " ind2="3">
      <subfield code="a">topography</subfield>
    </datafield>
    <datafield tag="650" ind1=" " ind2="3">
      <subfield code="a">trees</subfield>
    </datafield>
    <datafield tag="650" ind1=" " ind2="3">
      <subfield code="a">watersheds</subfield>
    </datafield>
    <datafield tag="651" ind1=" " ind2="3">
      <subfield code="a">Pennsylvania</subfield>
    </datafield>
    <datafield tag="653" ind1=" " ind2="0">
      <subfield code="a">Point process models</subfield>
    </datafield>
    <datafield tag="653" ind1=" " ind2="0">
      <subfield code="a">Hierarchical models</subfield>
    </datafield>
    <datafield tag="653" ind1=" " ind2="0">
      <subfield code="a">Spatial patterns</subfield>
    </datafield>
    <datafield tag="653" ind1=" " ind2="0">
      <subfield code="a">Competition</subfield>
    </datafield>
    <datafield tag="653" ind1=" " ind2="0">
      <subfield code="a">Facilitation</subfield>
    </datafield>
    <datafield tag="700" ind1="1" ind2=" ">
      <subfield code="a">Leites, Laura P.</subfield>
      <subfield code="e">author</subfield>
      <subfield code="u">Penn State University, 312 Forest Resources Bldg., University Park, PA
        16802, United States</subfield>
    </datafield>
    <datafield tag="773" ind1="0" ind2=" ">
      <subfield code="t">Ecological modelling.</subfield>
      <subfield code="g">2018 June 24, v. 378 p.37-45</subfield>
      <subfield code="d">Elsevier B.V.</subfield>
      <subfield code="w">Journal:jnl6191</subfield>
      <subfield code="x">0304-3800</subfield>
      <subfield code="7">nnas</subfield>
    </datafield>
    <datafield tag="787" ind1="1" ind2=" ">
      <subfield code="o">islandora_article_repository</subfield>
    </datafield>
    <datafield tag="787" ind1="1" ind2=" ">
      <subfield code="o">product_pubag</subfield>
    </datafield>
    <datafield tag="787" ind1="1" ind2=" ">
      <subfield code="o">(Journal)jnl6191</subfield>
    </datafield>
    <datafield tag="856" ind1="4" ind2="0">
      <subfield code="u">https://dx.doi.org/10.1016/j.ecolmodel.2018.03.012</subfield>
      <subfield code="3">Available from publisher's site</subfield>
    </datafield>
    <datafield tag="912" ind1=" " ind2=" ">
      <subfield code="a">Article</subfield>
    </datafield>
    <datafield tag="914" ind1=" " ind2=" ">
      <subfield code="a">Journal:jnl6191</subfield>
      <subfield code="b">0304-3800</subfield>
      <subfield code="c">378</subfield>
      <subfield code="e">37</subfield>
    </datafield>
    <datafield tag="914" ind1=" " ind2=" ">
      <subfield code="f">Ecological modelling</subfield>
    </datafield>
    <datafield tag="916" ind1=" " ind2=" ">
      <subfield code="a">Batch:2190</subfield>
    </datafield>
    <datafield tag="917" ind1=" " ind2=" ">
      <subfield code="a">issued</subfield>
    </datafield>
    <datafield tag="918" ind1="2" ind2=" ">
      <subfield code="a">Elsevier Consyn</subfield>
      <subfield code="e">provider</subfield>
      <subfield code="5">DNAL</subfield>
    </datafield>
    <datafield tag="935" ind1=" " ind2=" ">
      <subfield code="a">IND606338459</subfield>
      <subfield code="9">ExL</subfield>
    </datafield>
    <datafield tag="949" ind1=" " ind2=" ">
      <subfield code="a">2019-05-01</subfield>
    </datafield>
    <datafield tag="953" ind1=" " ind2=" ">
      <subfield code="a"
        >/data/metadata/incoming/consyn-backfiles/46-2-00053-HEAD-ONLY.zip</subfield>
    </datafield>
    <datafield tag="954" ind1=" " ind2=" ">
      <subfield code="a"
        >file:/data/metadata/staging/consyn-backfiles/S0304380018301108.xml</subfield>
    </datafield>
    <datafield tag="955" ind1=" " ind2=" ">
      <subfield code="a">/data/metadata/staging/consyn-backfiles/</subfield>
    </datafield>
    <datafield tag="962" ind1=" " ind2=" ">
      <subfield code="a">Batch:2190 reviewed on 2019-05-01T14:00:03Z</subfield>
    </datafield>
    <datafield tag="974" ind1=" " ind2=" ">
      <subfield code="a">agid:6338459</subfield>
    </datafield>
    <datafield tag="983" ind1=" " ind2=" ">
      <subfield code="a">2019-04-01</subfield>
    </datafield>
    <datafield tag="984" ind1=" " ind2=" ">
      <subfield code="a">2019-05-01</subfield>
    </datafield>
  </record>