
  <record>
    <leader>03717nab a2200565 u 4500</leader>
    <controlfield tag="001">9915624061207426</controlfield>
    <controlfield tag="005">20221119133201.0</controlfield>
    <controlfield tag="008">010305e200102 bcc|||||o|||||||||||eng||</controlfield>
    <datafield tag="016" ind1="7" ind2=" ">
      <subfield code="a">IND22434413</subfield>
      <subfield code="2">DNAL</subfield>
    </datafield>
    <datafield tag="035" ind1=" " ind2=" ">
      <subfield code="a">agid:3061389-01nal_inst</subfield>
    </datafield>
    <datafield tag="040" ind1=" " ind2=" ">
      <subfield code="a">AGL</subfield>
      <subfield code="b">eng</subfield>
      <subfield code="c">AGL</subfield>
    </datafield>
    <datafield tag="100" ind1="1" ind2=" ">
      <subfield code="a">Bauer, G.A.</subfield>
    </datafield>
    <datafield tag="245" ind1="1" ind2="0">
      <subfield code="a">Ammonium and nitrate acqusition by plants in response to elevated CO2
        concentration: the roles of root physiology and architecture</subfield>
    </datafield>
    <datafield tag="300" ind1=" " ind2=" ">
      <subfield code="a">p. 137-144.</subfield>
    </datafield>
    <datafield tag="500" ind1=" " ind2=" ">
      <subfield code="a">Paper presented at the Symposium on "Dynamics of Physiological Processes in
        Woody Roots" held September 26-30, 1999, Nancy, France.</subfield>
    </datafield>
    <datafield tag="500" ind1=" " ind2=" ">
      <subfield code="a">2019-12-05</subfield>
    </datafield>
    <datafield tag="520" ind1=" " ind2=" ">
      <subfield code="a">We examined changes in root system architecture and physiology and
        whole-plant patterns of nitrate reductase (NR) activity in response to atmospheric CO2
        enrichment and N source to determine how changes in the form of N supplied to plants
        interact with rising CO2 concentration ([CO2]). Seedlings of Betula alleghaniensis Britt.
        and Pinus strobus L., which differ in growth rate, root architecture, and the partitioning
        of NR activity between leaves (Betula) and roots (Pinus), were grown in ambient (400
        microliter l-1) and elevated (800 microliter l-1)) [CO2] and supplied with either nitrate
        (NO3-) or ammonium (NH4+) as their sole N source. After 15 weeks of growth, plants were
        harvested and root system architecture, N uptake kinetics, and NR activity measured. Betula
        alleghaniensis responded to elevated [CO2] with significant increases in growth, regardless
        of the source of N. Pinus strobus showed no significant response in biomass production or
        allocation to elevated [CO2]. Both species exhibited significantly greater growth with NH4+
        than with NO3-, along with lower root:shoot biomass ratios. Betula showed significant
        increases in total root length in response to elevated [CO2]. However, root N uptake rates
        in Betula (for both NO3- and NH4+) were either reduced or unchanged by elevated [CO2]. Pinus
        showed the opposite response to elevated [CO2], with no change in root architecture, but an
        increase in maximal uptake rates in response to elevated [CO2]. Nitrate reductase activity
        (on a mass basis) was reduced in leaves of Betula in elevated [CO2], but did not change in
        other tissues. Nitrate reductase activity was unaffected by elevated [CO2] in Pinus. Scaling
        this response to the whole-plant, NR activity was reduced in elevated [CO2] in Betula but
        not in Pinus. However, because Betula plants were larger in elevated [CO2], total
        whole-plant NR activity was unaffected.</subfield>
    </datafield>
    <datafield tag="650" ind1=" " ind2="3">
      <subfield code="a">carbon dioxide</subfield>
    </datafield>
    <datafield tag="650" ind1=" " ind2="3">
      <subfield code="a">root systems</subfield>
    </datafield>
    <datafield tag="650" ind1=" " ind2="3">
      <subfield code="a">nitrate reductase</subfield>
    </datafield>
    <datafield tag="650" ind1=" " ind2="3">
      <subfield code="a">spatial distribution</subfield>
    </datafield>
    <datafield tag="650" ind1=" " ind2="3">
      <subfield code="a">Betula alleghaniensis</subfield>
    </datafield>
    <datafield tag="650" ind1=" " ind2="3">
      <subfield code="a">stress response</subfield>
    </datafield>
    <datafield tag="650" ind1=" " ind2="3">
      <subfield code="a">nutrient uptake</subfield>
    </datafield>
    <datafield tag="650" ind1=" " ind2="3">
      <subfield code="a">ammonium compounds</subfield>
    </datafield>
    <datafield tag="650" ind1=" " ind2="3">
      <subfield code="a">Pinus strobus</subfield>
    </datafield>
    <datafield tag="650" ind1=" " ind2="3">
      <subfield code="a">kinetics</subfield>
    </datafield>
    <datafield tag="650" ind1=" " ind2="3">
      <subfield code="a">enzyme activity</subfield>
    </datafield>
    <datafield tag="651" ind1=" " ind2="3">
      <subfield code="a">Massachusetts</subfield>
    </datafield>
    <datafield tag="653" ind1=" " ind2="0">
      <subfield code="a">carbon dioxide enrichment</subfield>
    </datafield>
    <datafield tag="653" ind1=" " ind2="0">
      <subfield code="a">growth</subfield>
    </datafield>
    <datafield tag="653" ind1=" " ind2="0">
      <subfield code="a">plant morphology</subfield>
    </datafield>
    <datafield tag="700" ind1="1" ind2=" ">
      <subfield code="a">Berntson, G.M.</subfield>
    </datafield>
    <datafield tag="773" ind1="0" ind2=" ">
      <subfield code="t">Tree physiology.</subfield>
      <subfield code="g">2001 Feb., v. 21, no. 2/3 p.137-144</subfield>
      <subfield code="x">0829-318X</subfield>
      <subfield code="7">nnas</subfield>
    </datafield>
    <datafield tag="787" ind1="1" ind2=" ">
      <subfield code="o">islandora_article_repository</subfield>
    </datafield>
    <datafield tag="787" ind1="1" ind2=" ">
      <subfield code="o">(Journal)jnl41003</subfield>
    </datafield>
    <datafield tag="852" ind1=" " ind2=" ">
      <subfield code="a">DNAL</subfield>
    </datafield>
    <datafield tag="912" ind1=" " ind2=" ">
      <subfield code="a">Article</subfield>
    </datafield>
    <datafield tag="914" ind1=" " ind2=" ">
      <subfield code="a">Journal:jnl41003</subfield>
    </datafield>
    <datafield tag="914" ind1=" " ind2=" ">
      <subfield code="f">Tree physiol</subfield>
    </datafield>
    <datafield tag="917" ind1=" " ind2=" ">
      <subfield code="a">issued</subfield>
    </datafield>
    <datafield tag="930" ind1=" " ind2=" ">
      <subfield code="a">20010402</subfield>
      <subfield code="b">20010411</subfield>
      <subfield code="c">00000000</subfield>
    </datafield>
    <datafield tag="935" ind1=" " ind2=" ">
      <subfield code="a">IND22434413</subfield>
      <subfield code="9">ExL</subfield>
    </datafield>
    <datafield tag="945" ind1=" " ind2=" ">
      <subfield code="a">IND</subfield>
      <subfield code="d">MKS</subfield>
    </datafield>
    <datafield tag="946" ind1=" " ind2=" ">
      <subfield code="a">Non-US</subfield>
    </datafield>
    <datafield tag="952" ind1=" " ind2=" ">
      <subfield code="a">20010402 20010411 00000000</subfield>
      <subfield code="b">IND MKS </subfield>
    </datafield>
    <datafield tag="974" ind1=" " ind2=" ">
      <subfield code="a">agid:3061389</subfield>
    </datafield>
    <datafield tag="984" ind1=" " ind2=" ">
      <subfield code="a">2014-12-25</subfield>
    </datafield>
    <datafield tag="985" ind1=" " ind2=" ">
      <subfield code="a">Converted from MARCXML to MODS version 3.4 using MARC21slim2MODS3-4.xsl
        (Revision 1.95 2014/04/23)</subfield>
    </datafield>
    <datafield tag="986" ind1=" " ind2=" ">
      <subfield code="a">3465325</subfield>
    </datafield>
  </record>