
  <record>
    <leader>04251nab a2200625 u 4500</leader>
    <controlfield tag="001">9915624111607426</controlfield>
    <controlfield tag="005">20221119133122.0</controlfield>
    <controlfield tag="008">010305e200102 bcc|||||o|||||||||||eng||</controlfield>
    <datafield tag="016" ind1="7" ind2=" ">
      <subfield code="a">IND22434308</subfield>
      <subfield code="2">DNAL</subfield>
    </datafield>
    <datafield tag="035" ind1=" " ind2=" ">
      <subfield code="a">agid:3061382-01nal_inst</subfield>
    </datafield>
    <datafield tag="040" ind1=" " ind2=" ">
      <subfield code="a">AGL</subfield>
      <subfield code="b">eng</subfield>
      <subfield code="c">AGL</subfield>
    </datafield>
    <datafield tag="100" ind1="1" ind2=" ">
      <subfield code="a">Leake, J.R.</subfield>
    </datafield>
    <datafield tag="245" ind1="1" ind2="0">
      <subfield code="a">Rates and quantities of carbon flux to ectomycorrhizal mycelium following
        14C pulse labeling of Pinus sylvestris seedlings: effects of litter patches and interaction
        with a wood-decomposer fungus</subfield>
    </datafield>
    <datafield tag="300" ind1=" " ind2=" ">
      <subfield code="a">p. 71-82.</subfield>
    </datafield>
    <datafield tag="500" ind1=" " ind2=" ">
      <subfield code="a">Paper presented at the Symposium on "Dynamics of Physiological Processes in
        Woody Roots" held September 26-30, 1999, Nancy, France.</subfield>
    </datafield>
    <datafield tag="500" ind1=" " ind2=" ">
      <subfield code="a">2019-12-05</subfield>
    </datafield>
    <datafield tag="520" ind1=" " ind2=" ">
      <subfield code="a">We used a novel digital autoradiographic technique that enabled, for the
        first time, simultaneous visualization and quantification of spatial and temporal changes in
        carbon allocation patterns in ectomycorrhizal mycelia. Mycorrhizal plants of Pinus
        sylvestris L. were grown in microcosms containing non-sterile peat. The time course and
        spatial distribution of carbon allocation by P. sylvestris to mycelia of its mycorrhizal
        partners, Paxillus involutus (Batsch) Fr. and Suillus bovinus (L.): Kuntze, were quantified
        following 14C pulse labeling of the plants. Litter patches were used to investigate the
        effects of nutrient resource quality on carbon allocation. The wood-decomposer fungus
        Phanerochaete velutina (D.C.: Pers.) Parmasto was introduced to evaluate competitive and
        territorial interactions between its mycelial cords and the mycelial system of S. bovinus.
        Growth of ectomycorrhizal mycelium was stimulated in the litter patches. Nearly 60% of the C
        transferred from host plant to external mycorrhizal mycelium (&gt; 2 mm from root surfaces)
        was allocated to mycelium in the patches, which comprised only 12% of the soil area
        available for mycelial colonization. Mycelia in the litter patch most recently colonized by
        mycorrhizal mycelium received the largest investment of carbon, amounting to 27 to 50% of
        the total 14C in external mycorrhizal mycelium. The amount of C transfer to external
        mycelium of S. bovinus following pulse labeling was reduced from a maximum of 167 nmol in
        systems with no saprotroph to a maximum of 61 nmol in systems interacting with P. velutina.
        The 14C content of S. bovinus mycelium reached a maximum 24-36 h after labeling in control
        microcosms, but allocation did not reach a peak until 56 h after labeling, when S. bovinus
        interacted with mycelium of P. velutina. The mycelium of S. bovinus contained 9% of the
        total 14C in the plants (including mycorrhizae) at the end of the experiment, but this was
        reduced to 4% in the presence of P. velutina. The results demonstrate the dynamic manner in
        which mycorrhizal mycelia deploy C when foraging for nutrients. The inhibitory effect of the
        wood-decomposer fungus P. velutina on C allocation to external mycorrhizal mycelium has
        important implications for nutrient cycling in forest ecosystems.</subfield>
    </datafield>
    <datafield tag="650" ind1=" " ind2="3">
      <subfield code="a">ectomycorrhizae</subfield>
    </datafield>
    <datafield tag="650" ind1=" " ind2="3">
      <subfield code="a">nutrient transport</subfield>
    </datafield>
    <datafield tag="650" ind1=" " ind2="3">
      <subfield code="a">autoradiography</subfield>
    </datafield>
    <datafield tag="650" ind1=" " ind2="3">
      <subfield code="a">Paxillus involutus</subfield>
    </datafield>
    <datafield tag="650" ind1=" " ind2="3">
      <subfield code="a">seedlings</subfield>
    </datafield>
    <datafield tag="650" ind1=" " ind2="3">
      <subfield code="a">mycelium</subfield>
    </datafield>
    <datafield tag="650" ind1=" " ind2="3">
      <subfield code="a">radiolabeling</subfield>
    </datafield>
    <datafield tag="650" ind1=" " ind2="3">
      <subfield code="a">Suillus bovinus</subfield>
    </datafield>
    <datafield tag="650" ind1=" " ind2="3">
      <subfield code="a">Phanerochaete</subfield>
    </datafield>
    <datafield tag="650" ind1=" " ind2="3">
      <subfield code="a">carbon</subfield>
    </datafield>
    <datafield tag="650" ind1=" " ind2="3">
      <subfield code="a">Pinus sylvestris</subfield>
    </datafield>
    <datafield tag="650" ind1=" " ind2="3">
      <subfield code="a">measurement</subfield>
    </datafield>
    <datafield tag="650" ind1=" " ind2="3">
      <subfield code="a">roots</subfield>
    </datafield>
    <datafield tag="650" ind1=" " ind2="3">
      <subfield code="a">shoots</subfield>
    </datafield>
    <datafield tag="653" ind1=" " ind2="0">
      <subfield code="a">radiography</subfield>
    </datafield>
    <datafield tag="653" ind1=" " ind2="0">
      <subfield code="a">symbiosis</subfield>
    </datafield>
    <datafield tag="653" ind1=" " ind2="0">
      <subfield code="a">timing</subfield>
    </datafield>
    <datafield tag="700" ind1="1" ind2=" ">
      <subfield code="a">Donnelly, D.P.</subfield>
    </datafield>
    <datafield tag="700" ind1="1" ind2=" ">
      <subfield code="a">Saunders, E.M.</subfield>
    </datafield>
    <datafield tag="700" ind1="1" ind2=" ">
      <subfield code="a">Boddy, L.</subfield>
    </datafield>
    <datafield tag="700" ind1="1" ind2=" ">
      <subfield code="a">Read, D.J.</subfield>
    </datafield>
    <datafield tag="773" ind1="0" ind2=" ">
      <subfield code="t">Tree physiology.</subfield>
      <subfield code="g">2001 Feb., v. 21, no. 2/3 p.71-82</subfield>
      <subfield code="x">0829-318X</subfield>
      <subfield code="7">nnas</subfield>
    </datafield>
    <datafield tag="787" ind1="1" ind2=" ">
      <subfield code="o">islandora_article_repository</subfield>
    </datafield>
    <datafield tag="787" ind1="1" ind2=" ">
      <subfield code="o">(Journal)jnl41003</subfield>
    </datafield>
    <datafield tag="852" ind1=" " ind2=" ">
      <subfield code="a">DNAL</subfield>
    </datafield>
    <datafield tag="912" ind1=" " ind2=" ">
      <subfield code="a">Article</subfield>
    </datafield>
    <datafield tag="914" ind1=" " ind2=" ">
      <subfield code="a">Journal:jnl41003</subfield>
    </datafield>
    <datafield tag="914" ind1=" " ind2=" ">
      <subfield code="f">Tree physiol</subfield>
    </datafield>
    <datafield tag="917" ind1=" " ind2=" ">
      <subfield code="a">issued</subfield>
    </datafield>
    <datafield tag="930" ind1=" " ind2=" ">
      <subfield code="a">20010402</subfield>
      <subfield code="b">20010411</subfield>
      <subfield code="c">00000000</subfield>
    </datafield>
    <datafield tag="935" ind1=" " ind2=" ">
      <subfield code="a">IND22434308</subfield>
      <subfield code="9">ExL</subfield>
    </datafield>
    <datafield tag="945" ind1=" " ind2=" ">
      <subfield code="a">IND</subfield>
      <subfield code="d">MKS</subfield>
    </datafield>
    <datafield tag="946" ind1=" " ind2=" ">
      <subfield code="a">Non-US</subfield>
    </datafield>
    <datafield tag="952" ind1=" " ind2=" ">
      <subfield code="a">20010402 20010411 00000000</subfield>
      <subfield code="b">IND MKS </subfield>
    </datafield>
    <datafield tag="974" ind1=" " ind2=" ">
      <subfield code="a">agid:3061382</subfield>
    </datafield>
    <datafield tag="984" ind1=" " ind2=" ">
      <subfield code="a">2014-12-25</subfield>
    </datafield>
    <datafield tag="985" ind1=" " ind2=" ">
      <subfield code="a">Converted from MARCXML to MODS version 3.4 using MARC21slim2MODS3-4.xsl
        (Revision 1.95 2014/04/23)</subfield>
    </datafield>
    <datafield tag="986" ind1=" " ind2=" ">
      <subfield code="a">3465222</subfield>
    </datafield>
  </record>