
  <record>
    <leader>06469nab a2200865 u 4500</leader>
    <controlfield tag="001">9915625110707426</controlfield>
    <controlfield tag="005">20221119140024.0</controlfield>
    <controlfield tag="008">190620e201908 xx |||||o|||||||||||eng||</controlfield>
    <datafield tag="016" ind1="7" ind2=" ">
      <subfield code="a">IND606378913</subfield>
      <subfield code="2">DNAL</subfield>
    </datafield>
    <datafield tag="024" ind1="7" ind2=" ">
      <subfield code="a">10.1016/j.rse.2019.03.040</subfield>
      <subfield code="2">doi</subfield>
    </datafield>
    <datafield tag="035" ind1=" " ind2=" ">
      <subfield code="a">agid:6378913-01nal_inst</subfield>
    </datafield>
    <datafield tag="040" ind1=" " ind2=" ">
      <subfield code="a">AGL</subfield>
      <subfield code="b">eng</subfield>
      <subfield code="c">AGL</subfield>
    </datafield>
    <datafield tag="100" ind1="1" ind2=" ">
      <subfield code="a">Wang, Sheng</subfield>
      <subfield code="e">author</subfield>
      <subfield code="u">Department of Environmental Engineering, Technical University of Denmark,
        2800 Kgs. Lyngby, Denmark</subfield>
      <subfield code="1">https://orcid.org/0000-0003-3385-3109</subfield>
    </datafield>
    <datafield tag="245" ind1="1" ind2="0">
      <subfield code="a">High spatial resolution monitoring land surface energy, water and CO2
        fluxes from an Unmanned Aerial System</subfield>
    </datafield>
    <datafield tag="300" ind1=" " ind2=" ">
      <subfield code="a">p. 14-31.</subfield>
    </datafield>
    <datafield tag="520" ind1=" " ind2=" ">
      <subfield code="a">High spatial resolution maps of land surface energy, water and CO2 fluxes,
        e.g. evapotranspiration (ET) and gross primary productivity (GPP), are important for
        agricultural monitoring, ecosystem and water resources management. However, it is not clear
        which is the optimal (e.g. coarsest possible) spatial resolution to capture those fluxes
        accurately. Unmanned Aerial Systems (UAS) can address this by collecting very high spatial
        resolution (&lt;1 m, VHR) imagery. The objective of this study is to model ET and GPP
        dynamics using VHR optical and thermal imagery and quantify the influence of the spatial
        heterogeneity in the flux simulations and validations. The study was conducted at a
        deciduous willow bioenergy eddy covariance (EC) flux site in Denmark. Flight campaigns were
        conducted during the growing seasons of 2016 and 2017 with a hexacopter equipped with RGB,
        multispectral and thermal infrared cameras. A ‘top-down’ modeling approach consisting of the
        Priestley–Taylor Jet Propulsion Laboratory model and a light use efficiency model sharing
        the same canopy biophysical constraints was used to estimate ET and GPP. Model outputs were
        benchmarked by EC flux observations with the source weighted footprint. Our results indicate
        that our model can well estimate the instantaneous net radiation, ET, GPP, evaporative
        fraction, light use efficiency and water use efficiency with root-mean-square deviations
        (RMSD) of 31.6 W·m−2, 41.2 W·m−2, 3.12 μmol·C·m−2·s−1, 0.08, 0.16 g·C·MJ−1 and
        0.35 g·C·kg−1, respectively. Further, it is found that using a footprint model to sample
        different areas of VHR imagery can be a tool to provide better diurnal estimates to
        benchmark with EC data. Moreover, these VHR maps (0.3 m) allowed us to quantify metrics of
        spatial heterogeneity by using semivariogram analysis and by aggregating model inputs into
        different spatial resolutions. For instance, we find that in this site, the aggregation of
        simulated GPP using the source weighted mean of the EC footprint was about 30% lower in RMSD
        than using the arithmetic mean of the footprint. This demonstrates the accuracy of the
        modeled VHR spatial patterns. Nevertheless, we also find that imagery resolution consistent
        with the canopy size (around 1.5 m in our study) is sufficient to capture the spatial
        heterogeneity of the fluxes as transpiration and canopy assimilation of CO2 are processes
        regulated at the tree crown level. Our results highlight the importance of considering the
        land surface heterogeneity for flux modeling and the source contribution within the EC
        footprint for model benchmarking at appropriate spatial resolutions.</subfield>
    </datafield>
    <datafield tag="592" ind1=" " ind2=" ">
      <subfield code="a">Publisher supplied data</subfield>
    </datafield>
    <datafield tag="593" ind1=" " ind2=" ">
      <subfield code="a">PubAg article</subfield>
    </datafield>
    <datafield tag="650" ind1=" " ind2="3">
      <subfield code="a">arithmetics</subfield>
    </datafield>
    <datafield tag="650" ind1=" " ind2="3">
      <subfield code="a">bioenergy</subfield>
    </datafield>
    <datafield tag="650" ind1=" " ind2="3">
      <subfield code="a">cameras</subfield>
    </datafield>
    <datafield tag="650" ind1=" " ind2="3">
      <subfield code="a">canopy</subfield>
    </datafield>
    <datafield tag="650" ind1=" " ind2="3">
      <subfield code="a">carbon dioxide</subfield>
    </datafield>
    <datafield tag="650" ind1=" " ind2="3">
      <subfield code="a">carbon dioxide production</subfield>
    </datafield>
    <datafield tag="650" ind1=" " ind2="3">
      <subfield code="a">ecosystems</subfield>
    </datafield>
    <datafield tag="650" ind1=" " ind2="3">
      <subfield code="a">eddy covariance</subfield>
    </datafield>
    <datafield tag="650" ind1=" " ind2="3">
      <subfield code="a">energy</subfield>
    </datafield>
    <datafield tag="650" ind1=" " ind2="3">
      <subfield code="a">evapotranspiration</subfield>
    </datafield>
    <datafield tag="650" ind1=" " ind2="3">
      <subfield code="a">gross primary productivity</subfield>
    </datafield>
    <datafield tag="650" ind1=" " ind2="3">
      <subfield code="a">growing season</subfield>
    </datafield>
    <datafield tag="650" ind1=" " ind2="3">
      <subfield code="a">models</subfield>
    </datafield>
    <datafield tag="650" ind1=" " ind2="3">
      <subfield code="a">monitoring</subfield>
    </datafield>
    <datafield tag="650" ind1=" " ind2="3">
      <subfield code="a">net radiation</subfield>
    </datafield>
    <datafield tag="650" ind1=" " ind2="3">
      <subfield code="a">radiation use efficiency</subfield>
    </datafield>
    <datafield tag="650" ind1=" " ind2="3">
      <subfield code="a">remote sensing</subfield>
    </datafield>
    <datafield tag="650" ind1=" " ind2="3">
      <subfield code="a">spatial variation</subfield>
    </datafield>
    <datafield tag="650" ind1=" " ind2="3">
      <subfield code="a">thermography</subfield>
    </datafield>
    <datafield tag="650" ind1=" " ind2="3">
      <subfield code="a">transpiration</subfield>
    </datafield>
    <datafield tag="650" ind1=" " ind2="3">
      <subfield code="a">tree crown</subfield>
    </datafield>
    <datafield tag="650" ind1=" " ind2="3">
      <subfield code="a">unmanned aerial vehicles</subfield>
    </datafield>
    <datafield tag="650" ind1=" " ind2="3">
      <subfield code="a">water management</subfield>
    </datafield>
    <datafield tag="650" ind1=" " ind2="3">
      <subfield code="a">water use efficiency</subfield>
    </datafield>
    <datafield tag="651" ind1=" " ind2="3">
      <subfield code="a">Denmark</subfield>
    </datafield>
    <datafield tag="653" ind1=" " ind2="0">
      <subfield code="a">Evapotranspiration</subfield>
    </datafield>
    <datafield tag="653" ind1=" " ind2="0">
      <subfield code="a">Gross primary productivity</subfield>
    </datafield>
    <datafield tag="653" ind1=" " ind2="0">
      <subfield code="a">Eddy covariance</subfield>
    </datafield>
    <datafield tag="653" ind1=" " ind2="0">
      <subfield code="a">Optical and thermal remote sensing</subfield>
    </datafield>
    <datafield tag="653" ind1=" " ind2="0">
      <subfield code="a">Instantaneous and diurnal</subfield>
    </datafield>
    <datafield tag="653" ind1=" " ind2="0">
      <subfield code="a">Spatial heterogeneity</subfield>
    </datafield>
    <datafield tag="700" ind1="1" ind2=" ">
      <subfield code="a">Garcia, Monica</subfield>
      <subfield code="e">author</subfield>
      <subfield code="u">Department of Environmental Engineering, Technical University of Denmark,
        2800 Kgs. Lyngby, Denmark</subfield>
      <subfield code="1">https://orcid.org/0000-0002-3814-2536</subfield>
    </datafield>
    <datafield tag="700" ind1="1" ind2=" ">
      <subfield code="a">Bauer-Gottwein, Peter</subfield>
      <subfield code="e">author</subfield>
      <subfield code="u">Department of Environmental Engineering, Technical University of Denmark,
        2800 Kgs. Lyngby, Denmark</subfield>
    </datafield>
    <datafield tag="700" ind1="1" ind2=" ">
      <subfield code="a">Jakobsen, Jakob</subfield>
      <subfield code="e">author</subfield>
      <subfield code="u">National Space Institute, Technical University of Denmark, 2800 Kgs.
        Lyngby, Denmark</subfield>
    </datafield>
    <datafield tag="700" ind1="1" ind2=" ">
      <subfield code="a">Zarco-Tejada, Pablo J.</subfield>
      <subfield code="e">author</subfield>
      <subfield code="u">Department of Infrastructure Engineering, Melbourne School of Engineering,
        University of Melbourne, Melbourne, Victoria, Australia</subfield>
    </datafield>
    <datafield tag="700" ind1="1" ind2=" ">
      <subfield code="a">Bandini, Filippo</subfield>
      <subfield code="e">author</subfield>
      <subfield code="u">Department of Environmental Engineering, Technical University of Denmark,
        2800 Kgs. Lyngby, Denmark</subfield>
      <subfield code="1">https://orcid.org/0000-0002-8470-2493</subfield>
    </datafield>
    <datafield tag="700" ind1="1" ind2=" ">
      <subfield code="a">Paz, Verónica Sobejano</subfield>
      <subfield code="e">author</subfield>
      <subfield code="u">Department of Environmental Engineering, Technical University of Denmark,
        2800 Kgs. Lyngby, Denmark</subfield>
    </datafield>
    <datafield tag="700" ind1="1" ind2=" ">
      <subfield code="a">Ibrom, Andreas</subfield>
      <subfield code="e">author</subfield>
      <subfield code="u">Department of Environmental Engineering, Technical University of Denmark,
        2800 Kgs. Lyngby, Denmark</subfield>
    </datafield>
    <datafield tag="773" ind1="0" ind2=" ">
      <subfield code="t">Remote sensing of environment.</subfield>
      <subfield code="g">2019 Aug., v. 229 p.14-31</subfield>
      <subfield code="d">Elsevier Inc.</subfield>
      <subfield code="w">Journal:11735</subfield>
      <subfield code="x">0034-4257</subfield>
      <subfield code="7">nnas</subfield>
    </datafield>
    <datafield tag="787" ind1="1" ind2=" ">
      <subfield code="o">islandora_article_repository</subfield>
    </datafield>
    <datafield tag="787" ind1="1" ind2=" ">
      <subfield code="o">product_pubag</subfield>
    </datafield>
    <datafield tag="787" ind1="1" ind2=" ">
      <subfield code="o">(Journal)11735</subfield>
    </datafield>
    <datafield tag="856" ind1="4" ind2="0">
      <subfield code="u">https://dx.doi.org/10.1016/j.rse.2019.03.040</subfield>
      <subfield code="3">Available from publisher's site</subfield>
    </datafield>
    <datafield tag="912" ind1=" " ind2=" ">
      <subfield code="a">Article</subfield>
    </datafield>
    <datafield tag="914" ind1=" " ind2=" ">
      <subfield code="a">Journal:11735</subfield>
      <subfield code="b">0034-4257</subfield>
    </datafield>
    <datafield tag="914" ind1=" " ind2=" ">
      <subfield code="f">Remote sensing of environment</subfield>
    </datafield>
    <datafield tag="916" ind1=" " ind2=" ">
      <subfield code="a">Batch:2207</subfield>
    </datafield>
    <datafield tag="917" ind1=" " ind2=" ">
      <subfield code="a">issued</subfield>
    </datafield>
    <datafield tag="918" ind1="2" ind2=" ">
      <subfield code="a">Elsevier Consyn</subfield>
      <subfield code="e">provider</subfield>
      <subfield code="5">DNAL</subfield>
    </datafield>
    <datafield tag="935" ind1=" " ind2=" ">
      <subfield code="a">IND606378913</subfield>
      <subfield code="9">ExL</subfield>
    </datafield>
    <datafield tag="949" ind1=" " ind2=" ">
      <subfield code="a">2019-06-20</subfield>
    </datafield>
    <datafield tag="953" ind1=" " ind2=" ">
      <subfield code="a">/data/metadata/incoming/consyn/20406-00001-HEAD-ONLY-NEW CONSYN
        ISSNS.zip</subfield>
    </datafield>
    <datafield tag="954" ind1=" " ind2=" ">
      <subfield code="a">file:/data/metadata/staging/consyn/S0034425719301312.xml</subfield>
    </datafield>
    <datafield tag="955" ind1=" " ind2=" ">
      <subfield code="a">/data/metadata/staging/consyn/</subfield>
    </datafield>
    <datafield tag="974" ind1=" " ind2=" ">
      <subfield code="a">agid:6378913</subfield>
    </datafield>
    <datafield tag="983" ind1=" " ind2=" ">
      <subfield code="a">2019-06-20</subfield>
    </datafield>
    <datafield tag="984" ind1=" " ind2=" ">
      <subfield code="a">2019-06-20</subfield>
    </datafield>
  </record>