
  <record>
    <leader>03570nab a2200589 u 4500</leader>
    <controlfield tag="001">9915626756707426</controlfield>
    <controlfield tag="005">20221119145750.0</controlfield>
    <controlfield tag="008">160426e201606 xx |||||o|||||||||||eng||</controlfield>
    <datafield tag="016" ind1="7" ind2=" ">
      <subfield code="a">IND605193054</subfield>
      <subfield code="2">DNAL</subfield>
    </datafield>
    <datafield tag="024" ind1="7" ind2=" ">
      <subfield code="a">10.1007/s10980-015-0309-y</subfield>
      <subfield code="2">doi</subfield>
    </datafield>
    <datafield tag="035" ind1=" " ind2=" ">
      <subfield code="a">agid:5193054-01nal_inst</subfield>
    </datafield>
    <datafield tag="040" ind1=" " ind2=" ">
      <subfield code="a">AGL</subfield>
      <subfield code="b">eng</subfield>
      <subfield code="c">AGL</subfield>
    </datafield>
    <datafield tag="100" ind1="1" ind2=" ">
      <subfield code="a">Buse, Jörn</subfield>
      <subfield code="e">author</subfield>
    </datafield>
    <datafield tag="245" ind1="1" ind2="0">
      <subfield code="a">Response of saproxylic beetles to small-scale habitat connectivity depends
        on trophic levels</subfield>
    </datafield>
    <datafield tag="300" ind1=" " ind2=" ">
      <subfield code="a">p. 939-949.</subfield>
    </datafield>
    <datafield tag="520" ind1=" " ind2=" ">
      <subfield code="a">CONTEXT: According to the trophic-rank hypothesis, species may be
        differentially affected by habitat isolation due to their trophic position in the food
        chain, i.e. high-order trophic levels may be more negatively affected than low-order levels.
        OBJECTIVES: The aim of this paper is to study how species richness, abundance and
        composition of saproxylic beetle communities are affected by patch (=tree) quality and
        small-scale patch connectivity. Following the trophic-rank hypothesis, we expected predators
        to be more negatively affected by patch isolation than wood-feeding beetles. METHODS: We
        studied the beetle community, patch connectivity and patch quality on 28 large oaks.
        Different connectivity measures were calculated using 50 m-buffers around trees and using
        distances to the five nearest trees. RESULTS: Beetle species richness increased with the
        diameter of oaks, i.e. patch quality. No evidence of the trophic-rank hypothesis was found
        for species richness patterns. In accordance with the trophic-rank hypothesis, abundance of
        predatory beetles increased with patch connectivity but lower trophic levels were unaffected
        or even decreased with patch connectivity. CONCLUSIONS: The structure of invertebrate
        communities on trees changes with small-scale patch connectivity due to a differential
        response of low-order and high-order trophic levels. Isolated trees are more exposed to the
        sun than the more connected trees, which may affect the beetles; however, it was impossible
        to distinguish the microclimatic from the spatial effects. Although scattered trees
        generally have a higher conservation value than trees in forests, we conclude that forest
        trees may be more important for certain trophic levels.</subfield>
    </datafield>
    <datafield tag="592" ind1=" " ind2=" ">
      <subfield code="a">Publisher supplied data</subfield>
    </datafield>
    <datafield tag="593" ind1=" " ind2=" ">
      <subfield code="a">PubAg article</subfield>
    </datafield>
    <datafield tag="650" ind1=" " ind2="3">
      <subfield code="a">Coleoptera</subfield>
    </datafield>
    <datafield tag="650" ind1=" " ind2="3">
      <subfield code="a">Quercus</subfield>
    </datafield>
    <datafield tag="650" ind1=" " ind2="3">
      <subfield code="a">food chain</subfield>
    </datafield>
    <datafield tag="650" ind1=" " ind2="3">
      <subfield code="a">forest trees</subfield>
    </datafield>
    <datafield tag="650" ind1=" " ind2="3">
      <subfield code="a">forests</subfield>
    </datafield>
    <datafield tag="650" ind1=" " ind2="3">
      <subfield code="a">habitats</subfield>
    </datafield>
    <datafield tag="650" ind1=" " ind2="3">
      <subfield code="a">insect communities</subfield>
    </datafield>
    <datafield tag="650" ind1=" " ind2="3">
      <subfield code="a">invertebrates</subfield>
    </datafield>
    <datafield tag="650" ind1=" " ind2="3">
      <subfield code="a">microclimate</subfield>
    </datafield>
    <datafield tag="650" ind1=" " ind2="3">
      <subfield code="a">predators</subfield>
    </datafield>
    <datafield tag="650" ind1=" " ind2="3">
      <subfield code="a">species diversity</subfield>
    </datafield>
    <datafield tag="700" ind1="1" ind2=" ">
      <subfield code="a">Entling, Martin H.</subfield>
      <subfield code="e">author</subfield>
    </datafield>
    <datafield tag="700" ind1="1" ind2=" ">
      <subfield code="a">Ranius, Thomas</subfield>
      <subfield code="e">author</subfield>
    </datafield>
    <datafield tag="700" ind1="1" ind2=" ">
      <subfield code="a">Assmann, Thorsten</subfield>
      <subfield code="e">author</subfield>
    </datafield>
    <datafield tag="773" ind1="0" ind2=" ">
      <subfield code="t">Landscape ecology.</subfield>
      <subfield code="g">2016 June, v. 31, no. 5 p.939-949</subfield>
      <subfield code="d">Springer Netherlands</subfield>
      <subfield code="x">0921-2973</subfield>
      <subfield code="7">nnas</subfield>
    </datafield>
    <datafield tag="787" ind1="1" ind2=" ">
      <subfield code="o">islandora_article_repository</subfield>
    </datafield>
    <datafield tag="787" ind1="1" ind2=" ">
      <subfield code="o">product_pubag</subfield>
    </datafield>
    <datafield tag="787" ind1="1" ind2=" ">
      <subfield code="o">(Journal)jnl3870067</subfield>
    </datafield>
    <datafield tag="856" ind1="4" ind2="0">
      <subfield code="u">http://dx.doi.org/10.1007/s10980-015-0309-y</subfield>
      <subfield code="3">Available from publisher's site</subfield>
    </datafield>
    <datafield tag="912" ind1=" " ind2=" ">
      <subfield code="a">Article</subfield>
    </datafield>
    <datafield tag="914" ind1=" " ind2=" ">
      <subfield code="a">Journal:jnl3870067</subfield>
      <subfield code="b">0921-2973</subfield>
      <subfield code="c">31</subfield>
      <subfield code="d">5</subfield>
      <subfield code="e">939</subfield>
    </datafield>
    <datafield tag="914" ind1=" " ind2=" ">
      <subfield code="f">Landscape ecology</subfield>
    </datafield>
    <datafield tag="916" ind1=" " ind2=" ">
      <subfield code="a">Batch:1352</subfield>
    </datafield>
    <datafield tag="916" ind1=" " ind2=" ">
      <subfield code="a">Batch:1353</subfield>
    </datafield>
    <datafield tag="917" ind1=" " ind2=" ">
      <subfield code="a">issued</subfield>
    </datafield>
    <datafield tag="918" ind1="2" ind2=" ">
      <subfield code="a">Springer</subfield>
      <subfield code="e">provider</subfield>
      <subfield code="5">DNAL</subfield>
    </datafield>
    <datafield tag="935" ind1=" " ind2=" ">
      <subfield code="a">IND605193054</subfield>
      <subfield code="9">ExL</subfield>
    </datafield>
    <datafield tag="949" ind1=" " ind2=" ">
      <subfield code="a">2016-06-28</subfield>
    </datafield>
    <datafield tag="953" ind1=" " ind2=" ">
      <subfield code="a">ftp_PUB_16-04-26_05-19-25.zip</subfield>
    </datafield>
    <datafield tag="962" ind1=" " ind2=" ">
      <subfield code="a">Journal title changed from 'Landscape Ecol'</subfield>
    </datafield>
    <datafield tag="962" ind1=" " ind2=" ">
      <subfield code="a">Batch:1353 reviewed on 2016-06-28T15:00:02Z</subfield>
    </datafield>
    <datafield tag="974" ind1=" " ind2=" ">
      <subfield code="a">agid:5193054</subfield>
    </datafield>
    <datafield tag="983" ind1=" " ind2=" ">
      <subfield code="a">2016-04-26</subfield>
    </datafield>
    <datafield tag="984" ind1=" " ind2=" ">
      <subfield code="a">2016-06-28</subfield>
    </datafield>
  </record>