
  <record>
    <leader>04200nab a2200661 u 4500</leader>
    <controlfield tag="001">9915626807507426</controlfield>
    <controlfield tag="005">20221119145703.0</controlfield>
    <controlfield tag="008">140412e20131201xx |||||o|||||||||||eng||</controlfield>
    <datafield tag="016" ind1="7" ind2=" ">
      <subfield code="a">IND500877514</subfield>
      <subfield code="2">DNAL</subfield>
    </datafield>
    <datafield tag="024" ind1="7" ind2=" ">
      <subfield code="a">10.1080/17550874.2013.795627</subfield>
      <subfield code="2">doi</subfield>
    </datafield>
    <datafield tag="035" ind1=" " ind2=" ">
      <subfield code="a">agid:344903-01nal_inst</subfield>
    </datafield>
    <datafield tag="040" ind1=" " ind2=" ">
      <subfield code="a">AGL</subfield>
      <subfield code="b">eng</subfield>
      <subfield code="c">AGL</subfield>
    </datafield>
    <datafield tag="100" ind1="1" ind2=" ">
      <subfield code="a">Salmela, Matti J.</subfield>
      <subfield code="e">author</subfield>
      <subfield code="u"> Institute of Evolutionary Biology, School of Biological Sciences, Ashworth
        Laboratories, University of Edinburgh, Edinburgh, UK</subfield>
    </datafield>
    <datafield tag="245" ind1="1" ind2="0">
      <subfield code="a">Spring phenology shows genetic variation among and within populations in
        seedlings of Scots pine (Pinus sylvestris L.) in the Scottish Highlands</subfield>
    </datafield>
    <datafield tag="300" ind1=" " ind2=" ">
      <subfield code="a">p. 523-536.</subfield>
    </datafield>
    <datafield tag="520" ind1=" " ind2=" ">
      <subfield code="a">Background: Genetic differentiation in phenotypic traits is often observed
        among forest tree populations, but less is known about patterns of adaptive variation within
        populations. Such variation is expected to enhance the survival likelihood of extant
        populations under climate change.Aims: Scots pine (Pinus sylvestris) occurs over a spatially
        and temporally heterogeneous landscape in Scotland. Our goal was to examine whether
        populations had differentiated genetically in timing of bud flush in response to spatial
        heterogeneity and whether variation was also maintained within populations.Methods: Two
        common-garden studies, involving maternal families of seedlings from 21 native pinewoods,
        were established and variation in the trait was measured at the beginning of the second
        growing season.Results: Populations showed genetic differences in the trait correlated with
        the length of growing season at their site of origin, but the majority of variation was
        observed within populations. Populations also differed in their levels of variation in the
        trait; a pattern that may be influenced by spatial variation in the extent of temporal
        climate variability.Conclusions: Our findings suggest that populations have adapted to their
        home environments and that they also have substantial ability to adapt in situ to changes in
        growing season length.</subfield>
    </datafield>
    <datafield tag="592" ind1=" " ind2=" ">
      <subfield code="a">Publisher supplied data</subfield>
    </datafield>
    <datafield tag="593" ind1=" " ind2=" ">
      <subfield code="a">PubAg article</subfield>
    </datafield>
    <datafield tag="650" ind1=" " ind2="3">
      <subfield code="a">Pinus sylvestris</subfield>
    </datafield>
    <datafield tag="650" ind1=" " ind2="3">
      <subfield code="a">climate</subfield>
    </datafield>
    <datafield tag="650" ind1=" " ind2="3">
      <subfield code="a">forest trees</subfield>
    </datafield>
    <datafield tag="650" ind1=" " ind2="3">
      <subfield code="a">genetic variation</subfield>
    </datafield>
    <datafield tag="650" ind1=" " ind2="3">
      <subfield code="a">growing season</subfield>
    </datafield>
    <datafield tag="650" ind1=" " ind2="3">
      <subfield code="a">highlands</subfield>
    </datafield>
    <datafield tag="650" ind1=" " ind2="3">
      <subfield code="a">landscapes</subfield>
    </datafield>
    <datafield tag="650" ind1=" " ind2="3">
      <subfield code="a">phenology</subfield>
    </datafield>
    <datafield tag="650" ind1=" " ind2="3">
      <subfield code="a">seedlings</subfield>
    </datafield>
    <datafield tag="651" ind1=" " ind2="3">
      <subfield code="a">Scotland</subfield>
    </datafield>
    <datafield tag="653" ind1=" " ind2="0">
      <subfield code="a">adaptation</subfield>
    </datafield>
    <datafield tag="653" ind1=" " ind2="0">
      <subfield code="a">adaptive potential</subfield>
    </datafield>
    <datafield tag="653" ind1=" " ind2="0">
      <subfield code="a">genetic differentiation</subfield>
    </datafield>
    <datafield tag="653" ind1=" " ind2="0">
      <subfield code="a">spatial heterogeneity</subfield>
    </datafield>
    <datafield tag="653" ind1=" " ind2="0">
      <subfield code="a">temporal heterogeneity</subfield>
    </datafield>
    <datafield tag="653" ind1=" " ind2="0">
      <subfield code="a">variation within populations</subfield>
    </datafield>
    <datafield tag="700" ind1="1" ind2=" ">
      <subfield code="a">Cavers, Stephen</subfield>
      <subfield code="e">author</subfield>
      <subfield code="u"> NERC Centre for Ecology and Hydrology Edinburgh, Bush Estate, Penicuik,
        UK</subfield>
    </datafield>
    <datafield tag="700" ind1="1" ind2=" ">
      <subfield code="a">Cottrell, Joan E.</subfield>
      <subfield code="e">author</subfield>
      <subfield code="u"> Forest Research, Northern Research Station, Roslin, UK</subfield>
    </datafield>
    <datafield tag="700" ind1="1" ind2=" ">
      <subfield code="a">Iason, Glenn R.</subfield>
      <subfield code="e">author</subfield>
      <subfield code="u"> James Hutton Institute, Craigiebuckler, Aberdeen, UK</subfield>
    </datafield>
    <datafield tag="700" ind1="1" ind2=" ">
      <subfield code="a">Ennos, Richard A.</subfield>
      <subfield code="e">author</subfield>
      <subfield code="u"> Institute of Evolutionary Biology, School of Biological Sciences, Ashworth
        Laboratories, University of Edinburgh, Edinburgh, UK</subfield>
    </datafield>
    <datafield tag="773" ind1="0" ind2=" ">
      <subfield code="t">Plant ecology &amp; diversity.</subfield>
      <subfield code="g">2013 Dec. 1, v. 6, no. 3-4 p.523-536</subfield>
      <subfield code="d">Taylor &amp; Francis</subfield>
      <subfield code="x">1755-1668</subfield>
      <subfield code="7">nnas</subfield>
    </datafield>
    <datafield tag="787" ind1="1" ind2=" ">
      <subfield code="o">islandora_article_repository</subfield>
    </datafield>
    <datafield tag="787" ind1="1" ind2=" ">
      <subfield code="o">product_pubag</subfield>
    </datafield>
    <datafield tag="787" ind1="1" ind2=" ">
      <subfield code="o">(Journal)J000000135</subfield>
    </datafield>
    <datafield tag="856" ind1="4" ind2="0">
      <subfield code="u">http://dx.doi.org/10.1080/17550874.2013.795627</subfield>
    </datafield>
    <datafield tag="912" ind1=" " ind2=" ">
      <subfield code="a">Article</subfield>
    </datafield>
    <datafield tag="914" ind1=" " ind2=" ">
      <subfield code="a">Journal:J000000135</subfield>
      <subfield code="b">1755-1668</subfield>
      <subfield code="c">6</subfield>
      <subfield code="d">3-4</subfield>
      <subfield code="e">523</subfield>
    </datafield>
    <datafield tag="914" ind1=" " ind2=" ">
      <subfield code="f">Plant ecology &amp; diversity</subfield>
    </datafield>
    <datafield tag="916" ind1=" " ind2=" ">
      <subfield code="a">Batch:745</subfield>
    </datafield>
    <datafield tag="917" ind1=" " ind2=" ">
      <subfield code="a">issued</subfield>
    </datafield>
    <datafield tag="918" ind1="2" ind2=" ">
      <subfield code="a">Taylor &amp; Francis Group</subfield>
      <subfield code="e">provider</subfield>
      <subfield code="5">DNAL</subfield>
    </datafield>
    <datafield tag="935" ind1=" " ind2=" ">
      <subfield code="a">IND500877514</subfield>
      <subfield code="9">ExL</subfield>
    </datafield>
    <datafield tag="949" ind1=" " ind2=" ">
      <subfield code="a">2015-01-08</subfield>
    </datafield>
    <datafield tag="951" ind1=" " ind2=" ">
      <subfield code="a">2014-04-12</subfield>
    </datafield>
    <datafield tag="953" ind1=" " ind2=" ">
      <subfield code="a">tped20_tped20.v006.i03-04_20130928015610#3445813.zip</subfield>
    </datafield>
    <datafield tag="962" ind1=" " ind2=" ">
      <subfield code="a">Batch:745 annotated on 2014-12-09T14:25:55Z</subfield>
    </datafield>
    <datafield tag="962" ind1=" " ind2=" ">
      <subfield code="a">Batch:745 reviewed on 2015-01-08T16:00:03Z</subfield>
    </datafield>
    <datafield tag="974" ind1=" " ind2=" ">
      <subfield code="a">agid:344903</subfield>
    </datafield>
    <datafield tag="983" ind1=" " ind2=" ">
      <subfield code="a">2014-04-12</subfield>
    </datafield>
    <datafield tag="984" ind1=" " ind2=" ">
      <subfield code="a">2014-04-12</subfield>
    </datafield>
  </record>