
  <record>
    <leader>04062nab a2200601 u 4500</leader>
    <controlfield tag="001">9915626868007426</controlfield>
    <controlfield tag="005">20221119151339.0</controlfield>
    <controlfield tag="008">140412e20120301xx |||||o|||||||||||eng||</controlfield>
    <datafield tag="016" ind1="7" ind2=" ">
      <subfield code="a">IND500877427</subfield>
      <subfield code="2">DNAL</subfield>
    </datafield>
    <datafield tag="024" ind1="7" ind2=" ">
      <subfield code="a">10.1080/17550874.2012.687501</subfield>
      <subfield code="2">doi</subfield>
    </datafield>
    <datafield tag="035" ind1=" " ind2=" ">
      <subfield code="a">agid:344823-01nal_inst</subfield>
    </datafield>
    <datafield tag="040" ind1=" " ind2=" ">
      <subfield code="a">AGL</subfield>
      <subfield code="b">eng</subfield>
      <subfield code="c">AGL</subfield>
    </datafield>
    <datafield tag="100" ind1="1" ind2=" ">
      <subfield code="a">Nobis, Michael P.</subfield>
      <subfield code="e">author</subfield>
      <subfield code="u"> Swiss Federal Research Institute WSL, Birmensdorf, Switzerland</subfield>
    </datafield>
    <datafield tag="245" ind1="1" ind2="0">
      <subfield code="a">Latitudinal variation in morphological traits of the genus Pinus and its
        relation to environmental and phylogenetic signals</subfield>
    </datafield>
    <datafield tag="300" ind1=" " ind2=" ">
      <subfield code="a">p. 1-11.</subfield>
    </datafield>
    <datafield tag="520" ind1=" " ind2=" ">
      <subfield code="a">Background: Broad-scale analysis of interspecific trait variation is a
        fundamental approach in comparative ecology to investigate general species–environment
        relationships, but inferences from environmental and phylogenetic signals are still
        controversially discussed.Aims: The aim of this study was to globally analyse the genus
        Pinus and the interspecific variation of morphological traits with latitude as a surrogate
        of broad-scale environmental changes, and to compare latitudinal trait correlations with
        biogeographic, environmental and phylogenetic signals in trait variation.Methods: Based on
        native range maps of 103 Pinus species, the latitudinal correlations of nine morphological
        traits, including needle characters, cone length and tree height were calculated. Principal
        component analysis was used to explore trait covariation. Variation partitioning was applied
        to disentangle environmental and phylogenetic signals in trait variation.Results: Strong
        latitudinal correlations were detected for traits, such as needle length:width ratio or
        needle longevity, with similar trends for different taxonomic species subsets and geographic
        regions. Strong latitudinal correlations were related to a decrease in the pure phylogenetic
        signal and to an increase in the phylogenetically structured environmental variation (PSEV),
        whereas the pure environmental signal was almost negligible.Conclusions: Besides a ranking
        of traits that differ in environmental and phylogenetic signals, our results showed a
        general relationship between increasing latitudinal trait correlation and an increase in
        PSEV, which indicates phylogenetic niche conservatism. Thus, for the investigated
        morphological traits of the genus Pinus both environmental and phylogenetic signals are
        directly linked by PSEV to broad-scale spatial patterns in trait variation.</subfield>
    </datafield>
    <datafield tag="592" ind1=" " ind2=" ">
      <subfield code="a">Publisher supplied data</subfield>
    </datafield>
    <datafield tag="593" ind1=" " ind2=" ">
      <subfield code="a">PubAg article</subfield>
    </datafield>
    <datafield tag="650" ind1=" " ind2="3">
      <subfield code="a">Pinus</subfield>
    </datafield>
    <datafield tag="650" ind1=" " ind2="3">
      <subfield code="a">interspecific variation</subfield>
    </datafield>
    <datafield tag="650" ind1=" " ind2="3">
      <subfield code="a">latitude</subfield>
    </datafield>
    <datafield tag="650" ind1=" " ind2="3">
      <subfield code="a">longevity</subfield>
    </datafield>
    <datafield tag="650" ind1=" " ind2="3">
      <subfield code="a">phylogeny</subfield>
    </datafield>
    <datafield tag="650" ind1=" " ind2="3">
      <subfield code="a">principal component analysis</subfield>
    </datafield>
    <datafield tag="650" ind1=" " ind2="3">
      <subfield code="a">trees</subfield>
    </datafield>
    <datafield tag="653" ind1=" " ind2="0">
      <subfield code="a">latitudinal gradients</subfield>
    </datafield>
    <datafield tag="653" ind1=" " ind2="0">
      <subfield code="a">morphological traits</subfield>
    </datafield>
    <datafield tag="653" ind1=" " ind2="0">
      <subfield code="a">niche conservatism</subfield>
    </datafield>
    <datafield tag="653" ind1=" " ind2="0">
      <subfield code="a">phylogenetic vs. environmental signals</subfield>
    </datafield>
    <datafield tag="653" ind1=" " ind2="0">
      <subfield code="a">Pinus</subfield>
    </datafield>
    <datafield tag="653" ind1=" " ind2="0">
      <subfield code="a">variation partitioning</subfield>
    </datafield>
    <datafield tag="700" ind1="1" ind2=" ">
      <subfield code="a">Traiser, Christopher</subfield>
      <subfield code="e">author</subfield>
      <subfield code="u"> Department of Geosciences, University of Tübingen, Tübingen,
        Germany</subfield>
    </datafield>
    <datafield tag="700" ind1="1" ind2=" ">
      <subfield code="a">Roth-Nebelsick, Anita</subfield>
      <subfield code="e">author</subfield>
      <subfield code="u"> State Museum of Natural History Stuttgart, Stuttgart, Germany</subfield>
    </datafield>
    <datafield tag="773" ind1="0" ind2=" ">
      <subfield code="t">Plant ecology &amp; diversity.</subfield>
      <subfield code="g">2012 Mar. 1, v. 5, no. 1 p.1-11</subfield>
      <subfield code="d">Taylor &amp; Francis</subfield>
      <subfield code="x">1755-1668</subfield>
      <subfield code="7">nnas</subfield>
    </datafield>
    <datafield tag="787" ind1="1" ind2=" ">
      <subfield code="o">islandora_article_repository</subfield>
    </datafield>
    <datafield tag="787" ind1="1" ind2=" ">
      <subfield code="o">product_pubag</subfield>
    </datafield>
    <datafield tag="787" ind1="1" ind2=" ">
      <subfield code="o">(Journal)J000000135</subfield>
    </datafield>
    <datafield tag="856" ind1="4" ind2="0">
      <subfield code="u">http://dx.doi.org/10.1080/17550874.2012.687501</subfield>
    </datafield>
    <datafield tag="912" ind1=" " ind2=" ">
      <subfield code="a">Article</subfield>
    </datafield>
    <datafield tag="914" ind1=" " ind2=" ">
      <subfield code="a">Journal:J000000135</subfield>
      <subfield code="b">1755-1668</subfield>
      <subfield code="c">5</subfield>
      <subfield code="d">1</subfield>
      <subfield code="e">1</subfield>
    </datafield>
    <datafield tag="914" ind1=" " ind2=" ">
      <subfield code="f">Plant ecology &amp; diversity</subfield>
    </datafield>
    <datafield tag="916" ind1=" " ind2=" ">
      <subfield code="a">Batch:745</subfield>
    </datafield>
    <datafield tag="917" ind1=" " ind2=" ">
      <subfield code="a">issued</subfield>
    </datafield>
    <datafield tag="918" ind1="2" ind2=" ">
      <subfield code="a">Taylor &amp; Francis Group</subfield>
      <subfield code="e">provider</subfield>
      <subfield code="5">DNAL</subfield>
    </datafield>
    <datafield tag="935" ind1=" " ind2=" ">
      <subfield code="a">IND500877427</subfield>
      <subfield code="9">ExL</subfield>
    </datafield>
    <datafield tag="949" ind1=" " ind2=" ">
      <subfield code="a">2015-01-08</subfield>
    </datafield>
    <datafield tag="951" ind1=" " ind2=" ">
      <subfield code="a">2014-04-12</subfield>
    </datafield>
    <datafield tag="953" ind1=" " ind2=" ">
      <subfield code="a">tped20_tped20.v005.i01_20121026061612#2113094.zip</subfield>
    </datafield>
    <datafield tag="962" ind1=" " ind2=" ">
      <subfield code="a">Batch:745 annotated on 2014-12-09T14:25:55Z</subfield>
    </datafield>
    <datafield tag="962" ind1=" " ind2=" ">
      <subfield code="a">Batch:745 reviewed on 2015-01-08T16:00:03Z</subfield>
    </datafield>
    <datafield tag="974" ind1=" " ind2=" ">
      <subfield code="a">agid:344823</subfield>
    </datafield>
    <datafield tag="983" ind1=" " ind2=" ">
      <subfield code="a">2014-04-12</subfield>
    </datafield>
    <datafield tag="984" ind1=" " ind2=" ">
      <subfield code="a">2014-04-12</subfield>
    </datafield>
  </record>