
  <record>
    <leader>04188nab a2200733 u 4500</leader>
    <controlfield tag="001">9915626959307426</controlfield>
    <controlfield tag="005">20221119150949.0</controlfield>
    <controlfield tag="008">140412e20110301xx |||||o|||||||||||eng||</controlfield>
    <datafield tag="016" ind1="7" ind2=" ">
      <subfield code="a">IND500877384</subfield>
      <subfield code="2">DNAL</subfield>
    </datafield>
    <datafield tag="024" ind1="7" ind2=" ">
      <subfield code="a">10.1080/17550874.2011.558126</subfield>
      <subfield code="2">doi</subfield>
    </datafield>
    <datafield tag="035" ind1=" " ind2=" ">
      <subfield code="a">agid:344782-01nal_inst</subfield>
    </datafield>
    <datafield tag="040" ind1=" " ind2=" ">
      <subfield code="a">AGL</subfield>
      <subfield code="b">eng</subfield>
      <subfield code="c">AGL</subfield>
    </datafield>
    <datafield tag="100" ind1="1" ind2=" ">
      <subfield code="a">Rasmus, Sirpa</subfield>
      <subfield code="e">author</subfield>
      <subfield code="u"> Plant Ecophysiology and Climate Change Group, Division of Plant Biology,
        Department of Biosciences, University of Helsinki, Helsinki, Finland</subfield>
    </datafield>
    <datafield tag="245" ind1="1" ind2="0">
      <subfield code="a">Interactions between snow, canopy, and vegetation in a boreal coniferous
        forest</subfield>
    </datafield>
    <datafield tag="300" ind1=" " ind2=" ">
      <subfield code="a">p. 55-65.</subfield>
    </datafield>
    <datafield tag="520" ind1=" " ind2=" ">
      <subfield code="a">Background: Snow is known to have a major impact on the distribution of
        plants in arctic and alpine ecosystems; however, its impact on understorey vegetation in
        boreal forests is little reported.Aims: To study the effects of trees on the distribution of
        snow and examine the small-scale spatial relation between snow distribution and ground
        vegetation.Methods: Detailed spatial variation in snow depth and summer precipitation,
        canopy dimensions and locations of individual trees, and ground vegetation cover were
        observed in a coniferous forest, and the spatial correlations between these variables were
        examined.Results: Spatial patterns of snow remained unchanged throughout the winter and
        across two different winters. Snow depth showed significant correlations with different tree
        influence indices calculated based on the distance to the trunk, height, diameter or canopy
        extent. Dwarf shrub cover correlated positively with snow, and moss cover correlated
        negatively with the tree influence indices. The highest covers of Vaccinium myrtillus, V.
        vitis-idaea and Hylocomium splendens were observed on patches with thick snow cover. Linnaea
        borealis, in contrast, was absent from these patches. Pleurozium schreberi and Dicranum
        polysetum were most abundant on patches with moderate snow.Conclusions: Trees do not only
        affect ground vegetation through competition, but also have indirect effects associated with
        uneven snow cover. Our results suggest that, like arctic and alpine species, boreal forest
        understorey species show differences in their snow affinity.</subfield>
    </datafield>
    <datafield tag="592" ind1=" " ind2=" ">
      <subfield code="a">Publisher supplied data</subfield>
    </datafield>
    <datafield tag="593" ind1=" " ind2=" ">
      <subfield code="a">PubAg article</subfield>
    </datafield>
    <datafield tag="650" ind1=" " ind2="3">
      <subfield code="a">Hylocomium splendens</subfield>
    </datafield>
    <datafield tag="650" ind1=" " ind2="3">
      <subfield code="a">Pleurozium schreberi</subfield>
    </datafield>
    <datafield tag="650" ind1=" " ind2="3">
      <subfield code="a">Vaccinium myrtillus</subfield>
    </datafield>
    <datafield tag="650" ind1=" " ind2="3">
      <subfield code="a">boreal forests</subfield>
    </datafield>
    <datafield tag="650" ind1=" " ind2="3">
      <subfield code="a">canopy</subfield>
    </datafield>
    <datafield tag="650" ind1=" " ind2="3">
      <subfield code="a">coniferous forests</subfield>
    </datafield>
    <datafield tag="650" ind1=" " ind2="3">
      <subfield code="a">correlation</subfield>
    </datafield>
    <datafield tag="650" ind1=" " ind2="3">
      <subfield code="a">ecosystems</subfield>
    </datafield>
    <datafield tag="650" ind1=" " ind2="3">
      <subfield code="a">ground vegetation</subfield>
    </datafield>
    <datafield tag="650" ind1=" " ind2="3">
      <subfield code="a">mosses and liverworts</subfield>
    </datafield>
    <datafield tag="650" ind1=" " ind2="3">
      <subfield code="a">shrubs</subfield>
    </datafield>
    <datafield tag="650" ind1=" " ind2="3">
      <subfield code="a">snow</subfield>
    </datafield>
    <datafield tag="650" ind1=" " ind2="3">
      <subfield code="a">snowpack</subfield>
    </datafield>
    <datafield tag="650" ind1=" " ind2="3">
      <subfield code="a">summer</subfield>
    </datafield>
    <datafield tag="650" ind1=" " ind2="3">
      <subfield code="a">trees</subfield>
    </datafield>
    <datafield tag="650" ind1=" " ind2="3">
      <subfield code="a">understory</subfield>
    </datafield>
    <datafield tag="650" ind1=" " ind2="3">
      <subfield code="a">vegetation cover</subfield>
    </datafield>
    <datafield tag="650" ind1=" " ind2="3">
      <subfield code="a">winter</subfield>
    </datafield>
    <datafield tag="653" ind1=" " ind2="0">
      <subfield code="a">dwarf shrubs</subfield>
    </datafield>
    <datafield tag="653" ind1=" " ind2="0">
      <subfield code="a">mosses</subfield>
    </datafield>
    <datafield tag="653" ind1=" " ind2="0">
      <subfield code="a">snow</subfield>
    </datafield>
    <datafield tag="653" ind1=" " ind2="0">
      <subfield code="a">spatial distribution</subfield>
    </datafield>
    <datafield tag="653" ind1=" " ind2="0">
      <subfield code="a">trees</subfield>
    </datafield>
    <datafield tag="653" ind1=" " ind2="0">
      <subfield code="a">vegetation</subfield>
    </datafield>
    <datafield tag="700" ind1="1" ind2=" ">
      <subfield code="a">Lundell, Robin</subfield>
      <subfield code="e">author</subfield>
      <subfield code="u"> Plant Ecophysiology and Climate Change Group, Division of Plant Biology,
        Department of Biosciences, University of Helsinki, Helsinki, Finland</subfield>
    </datafield>
    <datafield tag="700" ind1="1" ind2=" ">
      <subfield code="a">Saarinen, Timo</subfield>
      <subfield code="e">author</subfield>
      <subfield code="u"> Plant Ecophysiology and Climate Change Group, Division of Plant Biology,
        Department of Biosciences, University of Helsinki, Helsinki, Finland</subfield>
    </datafield>
    <datafield tag="773" ind1="0" ind2=" ">
      <subfield code="t">Plant ecology &amp; diversity.</subfield>
      <subfield code="g">2011 Mar. 1, v. 4, no. 1 p.55-65</subfield>
      <subfield code="d">Taylor &amp; Francis</subfield>
      <subfield code="x">1755-1668</subfield>
      <subfield code="7">nnas</subfield>
    </datafield>
    <datafield tag="787" ind1="1" ind2=" ">
      <subfield code="o">islandora_article_repository</subfield>
    </datafield>
    <datafield tag="787" ind1="1" ind2=" ">
      <subfield code="o">product_pubag</subfield>
    </datafield>
    <datafield tag="787" ind1="1" ind2=" ">
      <subfield code="o">(Journal)J000000135</subfield>
    </datafield>
    <datafield tag="856" ind1="4" ind2="0">
      <subfield code="u">http://dx.doi.org/10.1080/17550874.2011.558126</subfield>
    </datafield>
    <datafield tag="912" ind1=" " ind2=" ">
      <subfield code="a">Article</subfield>
    </datafield>
    <datafield tag="914" ind1=" " ind2=" ">
      <subfield code="a">Journal:J000000135</subfield>
      <subfield code="b">1755-1668</subfield>
      <subfield code="c">4</subfield>
      <subfield code="d">1</subfield>
      <subfield code="e">55</subfield>
    </datafield>
    <datafield tag="914" ind1=" " ind2=" ">
      <subfield code="f">Plant ecology &amp; diversity</subfield>
    </datafield>
    <datafield tag="916" ind1=" " ind2=" ">
      <subfield code="a">Batch:745</subfield>
    </datafield>
    <datafield tag="917" ind1=" " ind2=" ">
      <subfield code="a">issued</subfield>
    </datafield>
    <datafield tag="918" ind1="2" ind2=" ">
      <subfield code="a">Taylor &amp; Francis Group</subfield>
      <subfield code="e">provider</subfield>
      <subfield code="5">DNAL</subfield>
    </datafield>
    <datafield tag="935" ind1=" " ind2=" ">
      <subfield code="a">IND500877384</subfield>
      <subfield code="9">ExL</subfield>
    </datafield>
    <datafield tag="949" ind1=" " ind2=" ">
      <subfield code="a">2015-01-08</subfield>
    </datafield>
    <datafield tag="951" ind1=" " ind2=" ">
      <subfield code="a">2014-04-12</subfield>
    </datafield>
    <datafield tag="953" ind1=" " ind2=" ">
      <subfield code="a">tped20_tped20.v004.i01_20111208103037#855928.zip</subfield>
    </datafield>
    <datafield tag="962" ind1=" " ind2=" ">
      <subfield code="a">Batch:745 annotated on 2014-12-09T14:25:55Z</subfield>
    </datafield>
    <datafield tag="962" ind1=" " ind2=" ">
      <subfield code="a">Batch:745 reviewed on 2015-01-08T16:00:03Z</subfield>
    </datafield>
    <datafield tag="974" ind1=" " ind2=" ">
      <subfield code="a">agid:344782</subfield>
    </datafield>
    <datafield tag="983" ind1=" " ind2=" ">
      <subfield code="a">2014-04-12</subfield>
    </datafield>
    <datafield tag="984" ind1=" " ind2=" ">
      <subfield code="a">2014-04-12</subfield>
    </datafield>
  </record>