
  <record>
    <leader>04225nab a2200709 u 4500</leader>
    <controlfield tag="001">9915627002007426</controlfield>
    <controlfield tag="005">20221119151047.0</controlfield>
    <controlfield tag="008">140412e20120901xx |||||o|||||||||||eng||</controlfield>
    <datafield tag="016" ind1="7" ind2=" ">
      <subfield code="a">IND500877450</subfield>
      <subfield code="2">DNAL</subfield>
    </datafield>
    <datafield tag="024" ind1="7" ind2=" ">
      <subfield code="a">10.1080/17550874.2012.704647</subfield>
      <subfield code="2">doi</subfield>
    </datafield>
    <datafield tag="035" ind1=" " ind2=" ">
      <subfield code="a">agid:344843-01nal_inst</subfield>
    </datafield>
    <datafield tag="040" ind1=" " ind2=" ">
      <subfield code="a">AGL</subfield>
      <subfield code="b">eng</subfield>
      <subfield code="c">AGL</subfield>
    </datafield>
    <datafield tag="100" ind1="1" ind2=" ">
      <subfield code="a">Wang, Yafeng</subfield>
      <subfield code="e">author</subfield>
      <subfield code="u"> Key Laboratory of Tibetan Environment Changes and Land Surface Processes,
        Institute of Tibetan Plateau Research, Chinese Academy of Sciences, Beijing,
        China</subfield>
    </datafield>
    <datafield tag="245" ind1="1" ind2="0">
      <subfield code="a">Spatial patterns of Smith fir alpine treelines on the south-eastern Tibetan
        Plateau support that contingent local conditions drive recent treeline patterns</subfield>
    </datafield>
    <datafield tag="300" ind1=" " ind2=" ">
      <subfield code="a">p. 311-321.</subfield>
    </datafield>
    <datafield tag="520" ind1=" " ind2=" ">
      <subfield code="a">Background: Recent work has shown little change in the position of the
        Smith fir treeline on the south-eastern Tibetan Plateau in response to global warming.
        However, the relationship between tree distribution patterns within the treeline ecotone and
        low responsiveness is unknown, and additional constraints than climate might be major
        drivers of these patterns (e.g. microsite availability for regeneration).Aims: To
        characterise the spatial patterns of Smith fir alpine treelines and to infer the underlying
        processes driving their dynamics.Methods: We investigated spatial patterns of Smith fir
        trees across two treeline ecotones in the Sygera Mountains, south-eastern Tibetan Plateau.
        The O(r)-ring statistic was used to analyse the univariate and bivariate spatial point
        patterns of three size classes (adults, juveniles and seedlings).Results: Mature trees
        presented random spatial patterns. Clusters of juveniles and seedlings colonised areas not
        occupied by mature trees. Seedlings were clustered and established preferentially near
        juvenile firs, Rhododendron mats and over moss–lichen and organic matter substrates,
        indicating the importance of microsite availability for successful Smith fir
        recruitment.Conclusions: Local factors such as microsite availability may play a major role
        in driving recent Smith fir treeline patterns and determine the lack of significant
        warming-induced upward shifts of these ecotones.</subfield>
    </datafield>
    <datafield tag="592" ind1=" " ind2=" ">
      <subfield code="a">Publisher supplied data</subfield>
    </datafield>
    <datafield tag="593" ind1=" " ind2=" ">
      <subfield code="a">PubAg article</subfield>
    </datafield>
    <datafield tag="650" ind1=" " ind2="3">
      <subfield code="a">Abies</subfield>
    </datafield>
    <datafield tag="650" ind1=" " ind2="3">
      <subfield code="a">Rhododendron</subfield>
    </datafield>
    <datafield tag="650" ind1=" " ind2="3">
      <subfield code="a">adults</subfield>
    </datafield>
    <datafield tag="650" ind1=" " ind2="3">
      <subfield code="a">climate</subfield>
    </datafield>
    <datafield tag="650" ind1=" " ind2="3">
      <subfield code="a">ecotones</subfield>
    </datafield>
    <datafield tag="650" ind1=" " ind2="3">
      <subfield code="a">global warming</subfield>
    </datafield>
    <datafield tag="650" ind1=" " ind2="3">
      <subfield code="a">juveniles</subfield>
    </datafield>
    <datafield tag="650" ind1=" " ind2="3">
      <subfield code="a">mountains</subfield>
    </datafield>
    <datafield tag="650" ind1=" " ind2="3">
      <subfield code="a">organic matter</subfield>
    </datafield>
    <datafield tag="650" ind1=" " ind2="3">
      <subfield code="a">seedlings</subfield>
    </datafield>
    <datafield tag="650" ind1=" " ind2="3">
      <subfield code="a">treeline</subfield>
    </datafield>
    <datafield tag="650" ind1=" " ind2="3">
      <subfield code="a">trees</subfield>
    </datafield>
    <datafield tag="651" ind1=" " ind2="3">
      <subfield code="a">China</subfield>
    </datafield>
    <datafield tag="653" ind1=" " ind2="0">
      <subfield code="a">Abies georgei var. smithii</subfield>
    </datafield>
    <datafield tag="653" ind1=" " ind2="0">
      <subfield code="a">microsite availability</subfield>
    </datafield>
    <datafield tag="653" ind1=" " ind2="0">
      <subfield code="a">O-ring statistic</subfield>
    </datafield>
    <datafield tag="653" ind1=" " ind2="0">
      <subfield code="a">recruitment</subfield>
    </datafield>
    <datafield tag="653" ind1=" " ind2="0">
      <subfield code="a">south-eastern Tibetan Plateau</subfield>
    </datafield>
    <datafield tag="653" ind1=" " ind2="0">
      <subfield code="a">spatial pattern</subfield>
    </datafield>
    <datafield tag="653" ind1=" " ind2="0">
      <subfield code="a">stand structure</subfield>
    </datafield>
    <datafield tag="653" ind1=" " ind2="0">
      <subfield code="a">treeline</subfield>
    </datafield>
    <datafield tag="700" ind1="1" ind2=" ">
      <subfield code="a">Camarero, J. Julio</subfield>
      <subfield code="e">author</subfield>
      <subfield code="u"> ARAID-Instituto Pirenaico de Ecología (CSIC), Zaragoza, Spain</subfield>
    </datafield>
    <datafield tag="700" ind1="1" ind2=" ">
      <subfield code="a">Luo, Tianxiang</subfield>
      <subfield code="e">author</subfield>
      <subfield code="u"> Key Laboratory of Tibetan Environment Changes and Land Surface Processes,
        Institute of Tibetan Plateau Research, Chinese Academy of Sciences, Beijing,
        China</subfield>
    </datafield>
    <datafield tag="700" ind1="1" ind2=" ">
      <subfield code="a">Liang, Eryuan</subfield>
      <subfield code="e">author</subfield>
      <subfield code="u"> Key Laboratory of Tibetan Environment Changes and Land Surface Processes,
        Institute of Tibetan Plateau Research, Chinese Academy of Sciences, Beijing,
        China</subfield>
    </datafield>
    <datafield tag="773" ind1="0" ind2=" ">
      <subfield code="t">Plant ecology &amp; diversity.</subfield>
      <subfield code="g">2012 Sept. 1, v. 5, no. 3 p.311-321</subfield>
      <subfield code="d">Taylor &amp; Francis</subfield>
      <subfield code="x">1755-1668</subfield>
      <subfield code="7">nnas</subfield>
    </datafield>
    <datafield tag="787" ind1="1" ind2=" ">
      <subfield code="o">islandora_article_repository</subfield>
    </datafield>
    <datafield tag="787" ind1="1" ind2=" ">
      <subfield code="o">product_pubag</subfield>
    </datafield>
    <datafield tag="787" ind1="1" ind2=" ">
      <subfield code="o">(Journal)J000000135</subfield>
    </datafield>
    <datafield tag="856" ind1="4" ind2="0">
      <subfield code="u">http://dx.doi.org/10.1080/17550874.2012.704647</subfield>
    </datafield>
    <datafield tag="912" ind1=" " ind2=" ">
      <subfield code="a">Article</subfield>
    </datafield>
    <datafield tag="914" ind1=" " ind2=" ">
      <subfield code="a">Journal:J000000135</subfield>
      <subfield code="b">1755-1668</subfield>
      <subfield code="c">5</subfield>
      <subfield code="d">3</subfield>
      <subfield code="e">311</subfield>
    </datafield>
    <datafield tag="914" ind1=" " ind2=" ">
      <subfield code="f">Plant ecology &amp; diversity</subfield>
    </datafield>
    <datafield tag="916" ind1=" " ind2=" ">
      <subfield code="a">Batch:745</subfield>
    </datafield>
    <datafield tag="917" ind1=" " ind2=" ">
      <subfield code="a">issued</subfield>
    </datafield>
    <datafield tag="918" ind1="2" ind2=" ">
      <subfield code="a">Taylor &amp; Francis Group</subfield>
      <subfield code="e">provider</subfield>
      <subfield code="5">DNAL</subfield>
    </datafield>
    <datafield tag="935" ind1=" " ind2=" ">
      <subfield code="a">IND500877450</subfield>
      <subfield code="9">ExL</subfield>
    </datafield>
    <datafield tag="949" ind1=" " ind2=" ">
      <subfield code="a">2015-01-08</subfield>
    </datafield>
    <datafield tag="951" ind1=" " ind2=" ">
      <subfield code="a">2014-04-12</subfield>
    </datafield>
    <datafield tag="953" ind1=" " ind2=" ">
      <subfield code="a">tped20_tped20.v005.i03_20121218014337#2300246.zip</subfield>
    </datafield>
    <datafield tag="962" ind1=" " ind2=" ">
      <subfield code="a">Batch:745 annotated on 2014-12-09T14:25:55Z</subfield>
    </datafield>
    <datafield tag="962" ind1=" " ind2=" ">
      <subfield code="a">Batch:745 reviewed on 2015-01-08T16:00:03Z</subfield>
    </datafield>
    <datafield tag="974" ind1=" " ind2=" ">
      <subfield code="a">agid:344843</subfield>
    </datafield>
    <datafield tag="983" ind1=" " ind2=" ">
      <subfield code="a">2014-04-12</subfield>
    </datafield>
    <datafield tag="984" ind1=" " ind2=" ">
      <subfield code="a">2014-04-12</subfield>
    </datafield>
  </record>