
  <record>
    <leader>03490nab a2200577 u 4500</leader>
    <controlfield tag="001">9915627945807426</controlfield>
    <controlfield tag="005">20221119110732.0</controlfield>
    <controlfield tag="008">190411e201508 xx |||||o|||||||||||eng||</controlfield>
    <datafield tag="016" ind1="7" ind2=" ">
      <subfield code="a">IND605359561</subfield>
      <subfield code="2">DNAL</subfield>
    </datafield>
    <datafield tag="024" ind1="7" ind2=" ">
      <subfield code="a">10.1016/j.baae.2015.04.004</subfield>
      <subfield code="2">doi</subfield>
    </datafield>
    <datafield tag="035" ind1=" " ind2=" ">
      <subfield code="a">agid:5359561-01nal_inst</subfield>
    </datafield>
    <datafield tag="040" ind1=" " ind2=" ">
      <subfield code="a">AGL</subfield>
      <subfield code="b">eng</subfield>
      <subfield code="c">AGL</subfield>
    </datafield>
    <datafield tag="100" ind1="1" ind2=" ">
      <subfield code="a">Zhang, Shuang</subfield>
      <subfield code="e">author</subfield>
      <subfield code="u">State Key Laboratory of Urban and Regional Ecology, Research Center for
        Eco-Environmental Sciences, Chinese Academy of Sciences, Beijing 100085, PR China</subfield>
    </datafield>
    <datafield tag="245" ind1="1" ind2="0">
      <subfield code="a">Mixed effects of ant–aphid mutualism on plants across different spatial
        scales</subfield>
    </datafield>
    <datafield tag="300" ind1=" " ind2=" ">
      <subfield code="a">p. 452-459.</subfield>
    </datafield>
    <datafield tag="520" ind1=" " ind2=" ">
      <subfield code="a">Scale affects how we observe, explain, and predict patterns and processes
        in ecology. The pattern of biotic interactions can be scale-dependent, but it is not clear
        how biotic interactions perform at different scales. We tested the effects of aphid-tending
        ants Lasius fuliginosus on the oak tree Quercus liaotungensis by excluding ants at two
        scales (branches and whole trees). Furthermore, we explored the variation of the effects on
        different-size branches and trees. The ants had significant anti-herbivory effects, a
        positive effect on aphids, but a negative effect on galls. Contrary to previous assumptions,
        effects of ants on plants and herbivores are similar between the branch and plant scales.
        The size of the branch or tree also had no impact on the ecological effects of ants,
        indicating the ecological effect of ant–aphid mutualism is consistent within and among
        individual trees. The homogeneous distribution of aphids may be the key reason for the
        scale-independent effect of the indirect ant–plant interaction. Our finding highlights the
        importance of biotic defense for plants across different spatial scales.</subfield>
    </datafield>
    <datafield tag="592" ind1=" " ind2=" ">
      <subfield code="a">Publisher supplied data</subfield>
    </datafield>
    <datafield tag="593" ind1=" " ind2=" ">
      <subfield code="a">PubAg article</subfield>
    </datafield>
    <datafield tag="650" ind1=" " ind2="3">
      <subfield code="a">Aphidoidea</subfield>
    </datafield>
    <datafield tag="650" ind1=" " ind2="3">
      <subfield code="a">Lasius</subfield>
    </datafield>
    <datafield tag="650" ind1=" " ind2="3">
      <subfield code="a">Quercus</subfield>
    </datafield>
    <datafield tag="650" ind1=" " ind2="3">
      <subfield code="a">branches</subfield>
    </datafield>
    <datafield tag="650" ind1=" " ind2="3">
      <subfield code="a">environmental impact</subfield>
    </datafield>
    <datafield tag="650" ind1=" " ind2="3">
      <subfield code="a">galls</subfield>
    </datafield>
    <datafield tag="650" ind1=" " ind2="3">
      <subfield code="a">herbivores</subfield>
    </datafield>
    <datafield tag="650" ind1=" " ind2="3">
      <subfield code="a">mutualism</subfield>
    </datafield>
    <datafield tag="650" ind1=" " ind2="3">
      <subfield code="a">trees</subfield>
    </datafield>
    <datafield tag="653" ind1=" " ind2="0">
      <subfield code="a">Mutualistic interactions ;·Herbivory ;·Plant–herbivore interactions
        ;·Spatial scale ;·Honeydew</subfield>
    </datafield>
    <datafield tag="700" ind1="1" ind2=" ">
      <subfield code="a">Zhang, Yuxin</subfield>
      <subfield code="e">author</subfield>
      <subfield code="u">State Key Laboratory of Urban and Regional Ecology, Research Center for
        Eco-Environmental Sciences, Chinese Academy of Sciences, Beijing 100085, PR China</subfield>
    </datafield>
    <datafield tag="700" ind1="1" ind2=" ">
      <subfield code="a">Ma, Keming</subfield>
      <subfield code="e">author</subfield>
    </datafield>
    <datafield tag="773" ind1="0" ind2=" ">
      <subfield code="t">Basic and applied ecology.</subfield>
      <subfield code="g">2015 Aug., v. 16, no. 5 p.452-459</subfield>
      <subfield code="d">Elsevier GmbH</subfield>
      <subfield code="a">Gesellschaft für Ökologie</subfield>
      <subfield code="w">Journal:jnl3925117</subfield>
      <subfield code="x">1439-1791</subfield>
      <subfield code="7">nnas</subfield>
    </datafield>
    <datafield tag="787" ind1="1" ind2=" ">
      <subfield code="o">islandora_article_repository</subfield>
    </datafield>
    <datafield tag="787" ind1="1" ind2=" ">
      <subfield code="o">product_pubag</subfield>
    </datafield>
    <datafield tag="787" ind1="1" ind2=" ">
      <subfield code="o">(Journal)jnl3925117</subfield>
    </datafield>
    <datafield tag="856" ind1="4" ind2="0">
      <subfield code="u">https://dx.doi.org/10.1016/j.baae.2015.04.004</subfield>
      <subfield code="3">Available from publisher's site</subfield>
    </datafield>
    <datafield tag="912" ind1=" " ind2=" ">
      <subfield code="a">Article</subfield>
    </datafield>
    <datafield tag="914" ind1=" " ind2=" ">
      <subfield code="a">Journal:jnl3925117</subfield>
      <subfield code="b">1439-1791</subfield>
      <subfield code="c">16</subfield>
      <subfield code="e">452</subfield>
    </datafield>
    <datafield tag="914" ind1=" " ind2=" ">
      <subfield code="f">Basic and applied ecology</subfield>
    </datafield>
    <datafield tag="916" ind1=" " ind2=" ">
      <subfield code="a">Batch:1517</subfield>
    </datafield>
    <datafield tag="917" ind1=" " ind2=" ">
      <subfield code="a">issued</subfield>
    </datafield>
    <datafield tag="918" ind1="2" ind2=" ">
      <subfield code="a">Elsevier Consyn</subfield>
      <subfield code="e">provider</subfield>
      <subfield code="5">DNAL</subfield>
    </datafield>
    <datafield tag="935" ind1=" " ind2=" ">
      <subfield code="a">IND605359561</subfield>
      <subfield code="9">ExL</subfield>
    </datafield>
    <datafield tag="949" ind1=" " ind2=" ">
      <subfield code="a">2019-04-11</subfield>
    </datafield>
    <datafield tag="953" ind1=" " ind2=" ">
      <subfield code="a"
        >/data/metadata/incoming/consyn-backfiles/46-2-00097-HEAD-ONLY.zip</subfield>
    </datafield>
    <datafield tag="954" ind1=" " ind2=" ">
      <subfield code="a"
        >file:/data/metadata/staging/consyn-backfiles/S1439179115000614.xml</subfield>
    </datafield>
    <datafield tag="955" ind1=" " ind2=" ">
      <subfield code="a">/data/metadata/staging/consyn-backfiles/</subfield>
    </datafield>
    <datafield tag="962" ind1=" " ind2=" ">
      <subfield code="a">Removed non-English abstract</subfield>
    </datafield>
    <datafield tag="962" ind1=" " ind2=" ">
      <subfield code="a">Batch:1517 reviewed on 2017-01-31T04:00:03Z</subfield>
    </datafield>
    <datafield tag="974" ind1=" " ind2=" ">
      <subfield code="a">agid:5359561</subfield>
    </datafield>
    <datafield tag="983" ind1=" " ind2=" ">
      <subfield code="a">2019-04-11</subfield>
    </datafield>
    <datafield tag="984" ind1=" " ind2=" ">
      <subfield code="a">2019-04-11</subfield>
    </datafield>
  </record>