
  <record>
    <leader>05459nab a2200709 u 4500</leader>
    <controlfield tag="001">9915628190707426</controlfield>
    <controlfield tag="005">20221119110917.0</controlfield>
    <controlfield tag="008">190411e201412 xx |||||o|||||||||||eng||</controlfield>
    <datafield tag="016" ind1="7" ind2=" ">
      <subfield code="a">IND605359509</subfield>
      <subfield code="2">DNAL</subfield>
    </datafield>
    <datafield tag="024" ind1="7" ind2=" ">
      <subfield code="a">10.1016/j.baae.2014.09.005</subfield>
      <subfield code="2">doi</subfield>
    </datafield>
    <datafield tag="035" ind1=" " ind2=" ">
      <subfield code="a">agid:5359509-01nal_inst</subfield>
    </datafield>
    <datafield tag="040" ind1=" " ind2=" ">
      <subfield code="a">AGL</subfield>
      <subfield code="b">eng</subfield>
      <subfield code="c">AGL</subfield>
    </datafield>
    <datafield tag="100" ind1="1" ind2=" ">
      <subfield code="a">Vogt, Juliane</subfield>
      <subfield code="e">author</subfield>
      <subfield code="u">Technische Universität Dresden, Faculty of Environmental Sciences,
        Institute of Forest Growth and Forest Computer Sciences, Pienner Straße 8, 01737 Tharandt,
        Germany</subfield>
    </datafield>
    <datafield tag="245" ind1="1" ind2="4">
      <subfield code="a">The importance of conspecific facilitation during recruitment and
        regeneration: A case study in degraded mangroves</subfield>
    </datafield>
    <datafield tag="300" ind1=" " ind2=" ">
      <subfield code="a">p. 651-660.</subfield>
    </datafield>
    <datafield tag="520" ind1=" " ind2=" ">
      <subfield code="a">Facilitation can affect positively the survival, growth and fitness of
        neighboring plants and is able to promote the establishment of plant species under harsh
        environmental conditions. This study is one of the few to focus on conspecific nurse plants
        enabling the establishment of tree followers and the generally unknown interplay between
        facilitation and competition during recruitment and establishment.Field studies were
        conducted in an hypersaline area in north Brazil where the hydrological regime was disturbed
        by road construction in 1974. Avicennia germinans shrubs were able to recolonize
        subareas.Three different stages of re-colonization were identified by satellite imagery
        based on the vegetation coverage and were defined as the early, middle, and late stages.
        Different plant parameters, including height and crown radius of individual trees, were
        measured, and all plants separating mangrove seedlings and larger plants were
        stem-mapped.The Hegyi index was adapted to measure local interaction intensity, considering
        both positive (facilitation) and negative (competition) interactions among neighboring
        plants. Spatial point pattern analyses were combined with the interaction index to obtain a
        better overview of the strength and importance of the plant interactions within the
        different recolonizing stages.The spatial patterns displayed aggregation for all plants in
        all developmental stages. This is supported by the interaction index calculated for
        seedlings. The index, however, provides an early signal for the switching of plant
        interactions from facilitation to competition as the developmental stage increased. This
        feature remains undetected in the spatial patterns because self-thinning processes are
        linked to individual growth processes and require more time to take place.This study
        broadens the ecological concept of nurse plants from hetero- to conspecific, including the
        importance and strength of plant interactions. The studied degraded areas are recolonizing
        naturally, and conclusions can be drawn for restoration projects, which usually do not take
        facilitation effects into account.</subfield>
    </datafield>
    <datafield tag="592" ind1=" " ind2=" ">
      <subfield code="a">Publisher supplied data</subfield>
    </datafield>
    <datafield tag="593" ind1=" " ind2=" ">
      <subfield code="a">PubAg article</subfield>
    </datafield>
    <datafield tag="650" ind1=" " ind2="3">
      <subfield code="a">Avicennia germinans</subfield>
    </datafield>
    <datafield tag="650" ind1=" " ind2="3">
      <subfield code="a">case studies</subfield>
    </datafield>
    <datafield tag="650" ind1=" " ind2="3">
      <subfield code="a">environmental factors</subfield>
    </datafield>
    <datafield tag="650" ind1=" " ind2="3">
      <subfield code="a">hydrology</subfield>
    </datafield>
    <datafield tag="650" ind1=" " ind2="3">
      <subfield code="a">nurse plants</subfield>
    </datafield>
    <datafield tag="650" ind1=" " ind2="3">
      <subfield code="a">plant establishment</subfield>
    </datafield>
    <datafield tag="650" ind1=" " ind2="3">
      <subfield code="a">remote sensing</subfield>
    </datafield>
    <datafield tag="650" ind1=" " ind2="3">
      <subfield code="a">road construction</subfield>
    </datafield>
    <datafield tag="650" ind1=" " ind2="3">
      <subfield code="a">seedlings</subfield>
    </datafield>
    <datafield tag="650" ind1=" " ind2="3">
      <subfield code="a">shrubs</subfield>
    </datafield>
    <datafield tag="650" ind1=" " ind2="3">
      <subfield code="a">trees</subfield>
    </datafield>
    <datafield tag="650" ind1=" " ind2="3">
      <subfield code="a">vegetation</subfield>
    </datafield>
    <datafield tag="651" ind1=" " ind2="3">
      <subfield code="a">Brazil</subfield>
    </datafield>
    <datafield tag="653" ind1=" " ind2="0">
      <subfield code="a">Avicennia germinans</subfield>
    </datafield>
    <datafield tag="653" ind1=" " ind2="0">
      <subfield code="a">Plant interaction</subfield>
    </datafield>
    <datafield tag="653" ind1=" " ind2="0">
      <subfield code="a">Spatial pattern</subfield>
    </datafield>
    <datafield tag="653" ind1=" " ind2="0">
      <subfield code="a">Competition</subfield>
    </datafield>
    <datafield tag="653" ind1=" " ind2="0">
      <subfield code="a">Restoration</subfield>
    </datafield>
    <datafield tag="700" ind1="1" ind2=" ">
      <subfield code="a">Lin, Yue</subfield>
      <subfield code="e">author</subfield>
      <subfield code="u">German Centre for Integrative Biodiversity Research (iDiv)
        Halle-Jena-Leipzig, Deutscher Platz 5e, 04103 Leipzig, Germany</subfield>
    </datafield>
    <datafield tag="700" ind1="1" ind2=" ">
      <subfield code="a">Pranchai, Aor</subfield>
      <subfield code="e">author</subfield>
      <subfield code="u">Technische Universität Dresden, Faculty of Environmental Sciences,
        Institute of Forest Growth and Forest Computer Sciences, Pienner Straße 8, 01737 Tharandt,
        Germany</subfield>
    </datafield>
    <datafield tag="700" ind1="1" ind2=" ">
      <subfield code="a">Frohberg, Peter</subfield>
      <subfield code="e">author</subfield>
      <subfield code="u">Technische Universität Dresden, Faculty of Environmental Sciences,
        Institute of Forest Growth and Forest Computer Sciences, Pienner Straße 8, 01737 Tharandt,
        Germany</subfield>
    </datafield>
    <datafield tag="700" ind1="1" ind2=" ">
      <subfield code="a">Mehlig, Ulf</subfield>
      <subfield code="e">author</subfield>
      <subfield code="u">Universidade Federal do Pará, Laboratório de Biologia Vegetal Campus
        Bragança, Alameda Leandro Ribeiro s/n, CEP 68600-000, Bragança, PA, Brazil</subfield>
    </datafield>
    <datafield tag="700" ind1="1" ind2=" ">
      <subfield code="a">Berger, Uta</subfield>
      <subfield code="e">author</subfield>
      <subfield code="u">Technische Universität Dresden, Faculty of Environmental Sciences,
        Institute of Forest Growth and Forest Computer Sciences, Pienner Straße 8, 01737 Tharandt,
        Germany</subfield>
    </datafield>
    <datafield tag="773" ind1="0" ind2=" ">
      <subfield code="t">Basic and applied ecology.</subfield>
      <subfield code="g">2014 Dec., v. 15, no. 8 p.651-660</subfield>
      <subfield code="d">Elsevier GmbH</subfield>
      <subfield code="a">Gesellschaft für Ökologie</subfield>
      <subfield code="w">Journal:jnl3925117</subfield>
      <subfield code="x">1439-1791</subfield>
      <subfield code="7">nnas</subfield>
    </datafield>
    <datafield tag="787" ind1="1" ind2=" ">
      <subfield code="o">islandora_article_repository</subfield>
    </datafield>
    <datafield tag="787" ind1="1" ind2=" ">
      <subfield code="o">product_pubag</subfield>
    </datafield>
    <datafield tag="787" ind1="1" ind2=" ">
      <subfield code="o">(Journal)jnl3925117</subfield>
    </datafield>
    <datafield tag="856" ind1="4" ind2="0">
      <subfield code="u">https://dx.doi.org/10.1016/j.baae.2014.09.005</subfield>
      <subfield code="3">Available from publisher's site</subfield>
    </datafield>
    <datafield tag="912" ind1=" " ind2=" ">
      <subfield code="a">Article</subfield>
    </datafield>
    <datafield tag="914" ind1=" " ind2=" ">
      <subfield code="a">Journal:jnl3925117</subfield>
      <subfield code="b">1439-1791</subfield>
      <subfield code="c">15</subfield>
      <subfield code="e">651</subfield>
    </datafield>
    <datafield tag="914" ind1=" " ind2=" ">
      <subfield code="f">Basic and applied ecology</subfield>
    </datafield>
    <datafield tag="916" ind1=" " ind2=" ">
      <subfield code="a">Batch:1517</subfield>
    </datafield>
    <datafield tag="917" ind1=" " ind2=" ">
      <subfield code="a">issued</subfield>
    </datafield>
    <datafield tag="918" ind1="2" ind2=" ">
      <subfield code="a">Elsevier Consyn</subfield>
      <subfield code="e">provider</subfield>
      <subfield code="5">DNAL</subfield>
    </datafield>
    <datafield tag="935" ind1=" " ind2=" ">
      <subfield code="a">IND605359509</subfield>
      <subfield code="9">ExL</subfield>
    </datafield>
    <datafield tag="949" ind1=" " ind2=" ">
      <subfield code="a">2019-04-11</subfield>
    </datafield>
    <datafield tag="953" ind1=" " ind2=" ">
      <subfield code="a"
        >/data/metadata/incoming/consyn-backfiles/46-2-00097-HEAD-ONLY.zip</subfield>
    </datafield>
    <datafield tag="954" ind1=" " ind2=" ">
      <subfield code="a"
        >file:/data/metadata/staging/consyn-backfiles/S1439179114001273.xml</subfield>
    </datafield>
    <datafield tag="955" ind1=" " ind2=" ">
      <subfield code="a">/data/metadata/staging/consyn-backfiles/</subfield>
    </datafield>
    <datafield tag="962" ind1=" " ind2=" ">
      <subfield code="a">Removed non-English abstract</subfield>
    </datafield>
    <datafield tag="962" ind1=" " ind2=" ">
      <subfield code="a">Batch:1517 reviewed on 2017-01-31T04:00:03Z</subfield>
    </datafield>
    <datafield tag="974" ind1=" " ind2=" ">
      <subfield code="a">agid:5359509</subfield>
    </datafield>
    <datafield tag="983" ind1=" " ind2=" ">
      <subfield code="a">2019-04-11</subfield>
    </datafield>
    <datafield tag="984" ind1=" " ind2=" ">
      <subfield code="a">2019-04-11</subfield>
    </datafield>
  </record>