
  <record>
    <leader>03908nab a2200613 u 4500</leader>
    <controlfield tag="001">9915628337207426</controlfield>
    <controlfield tag="005">20221119111130.0</controlfield>
    <controlfield tag="008">200513e20160401xx |||||o|||||||||||eng||</controlfield>
    <datafield tag="016" ind1="7" ind2=" ">
      <subfield code="a">IND605126133</subfield>
      <subfield code="2">DNAL</subfield>
    </datafield>
    <datafield tag="024" ind1="7" ind2=" ">
      <subfield code="a">10.1007/s10310-015-0515-0</subfield>
      <subfield code="2">doi</subfield>
    </datafield>
    <datafield tag="035" ind1=" " ind2=" ">
      <subfield code="a">agid:5126133-01nal_inst</subfield>
    </datafield>
    <datafield tag="040" ind1=" " ind2=" ">
      <subfield code="a">AGL</subfield>
      <subfield code="b">eng</subfield>
      <subfield code="c">AGL</subfield>
    </datafield>
    <datafield tag="100" ind1="1" ind2=" ">
      <subfield code="a">Enoki, Tsutomu</subfield>
      <subfield code="e">author</subfield>
      <subfield code="u">Shiiba Research Forest, Kyushu University, 949 Okawachi, Shiiba, Miyazaki
        883-0402, Japan</subfield>
    </datafield>
    <datafield tag="245" ind1="1" ind2="0">
      <subfield code="a">Changes in spatial patterns of sika deer distribution and herbivory of
        planted seedlings: a comparison before and after deer population control by
        culling</subfield>
    </datafield>
    <datafield tag="300" ind1=" " ind2=" ">
      <subfield code="a">p. 84-91.</subfield>
    </datafield>
    <datafield tag="520" ind1=" " ind2=" ">
      <subfield code="a">Sika deer (Cervus nippon) sometimes cause extensive damage to planted tree
        seedlings. To evaluate the effects of culling on the spatial distribution patterns of sika
        deer and browse damage to planted seedlings, we compared the data collected before and after
        experimental culling in a cool, temperate, mixed forest on Kyushu Island, Japan.
        Experimental culling, conducted in an area of 1 km², removed five, four and two sika deer in
        April, June and October 2011, respectively. During the year before culling, the spatial
        pattern of the number of sika deer caught on camera corresponded to the predicted sika deer
        density. Sika deer immediately browsed planted seedlings after the initial planting. The
        cumulative number of browsed seedlings increased over time, especially in winter. The
        spatial pattern of the cumulative number of sika deer caught on camera corresponded to that
        of browsed seedlings at the year's end. During the year when culling was conducted, the
        number of sika deer caught on camera decreased around the center of the study site where the
        culling was conducted and the number of browsed seedlings decreased. During the year
        following culling, the cumulative number of browsed seedlings was very similar to that in
        the year before the culling, while the same low number of sika deer was caught on camera.
        These results indicate that the effects of deer culling resulted in decreased levels of sika
        deer appearance and browse damage for more than 1 year and for several months,
        respectively.</subfield>
    </datafield>
    <datafield tag="592" ind1=" " ind2=" ">
      <subfield code="a">Publisher supplied data</subfield>
    </datafield>
    <datafield tag="593" ind1=" " ind2=" ">
      <subfield code="a">PubAg article</subfield>
    </datafield>
    <datafield tag="650" ind1=" " ind2="3">
      <subfield code="a">Cervus nippon</subfield>
    </datafield>
    <datafield tag="650" ind1=" " ind2="3">
      <subfield code="a">deer</subfield>
    </datafield>
    <datafield tag="650" ind1=" " ind2="3">
      <subfield code="a">herbivores</subfield>
    </datafield>
    <datafield tag="650" ind1=" " ind2="3">
      <subfield code="a">mixed forests</subfield>
    </datafield>
    <datafield tag="650" ind1=" " ind2="3">
      <subfield code="a">planting</subfield>
    </datafield>
    <datafield tag="650" ind1=" " ind2="3">
      <subfield code="a">seedlings</subfield>
    </datafield>
    <datafield tag="650" ind1=" " ind2="3">
      <subfield code="a">spatial variation</subfield>
    </datafield>
    <datafield tag="650" ind1=" " ind2="3">
      <subfield code="a">trees</subfield>
    </datafield>
    <datafield tag="650" ind1=" " ind2="3">
      <subfield code="a">winter</subfield>
    </datafield>
    <datafield tag="651" ind1=" " ind2="3">
      <subfield code="a">Japan</subfield>
    </datafield>
    <datafield tag="653" ind1=" " ind2="0">
      <subfield code="a">Camera trap</subfield>
    </datafield>
    <datafield tag="653" ind1=" " ind2="0">
      <subfield code="a">Effect of culling</subfield>
    </datafield>
    <datafield tag="653" ind1=" " ind2="0">
      <subfield code="a">Plantation experiment</subfield>
    </datafield>
    <datafield tag="653" ind1=" " ind2="0">
      <subfield code="a">Seasonal and spatial pattern</subfield>
    </datafield>
    <datafield tag="653" ind1=" " ind2="0">
      <subfield code="a">Sedentary deer</subfield>
    </datafield>
    <datafield tag="700" ind1="1" ind2=" ">
      <subfield code="a">Yabe, Tsuneaki</subfield>
      <subfield code="e">author</subfield>
      <subfield code="u">Kyushu Research Center, Forestry and Forest Products Research Institute, 4–
        11–16Kurokami, Kumamoto 860-0862, Japan</subfield>
    </datafield>
    <datafield tag="700" ind1="1" ind2=" ">
      <subfield code="a">Koizumi, Toru</subfield>
      <subfield code="e">author</subfield>
      <subfield code="u">Forestry and Forest Products Research Institute, 1 Matsunosato, Tsukuba,
        Ibaraki 305-8687, Japan</subfield>
    </datafield>
    <datafield tag="773" ind1="0" ind2=" ">
      <subfield code="t">Journal of forest research.</subfield>
      <subfield code="g">2016 Apr. 1, v. 21, no. 2 p.84-91</subfield>
      <subfield code="d">Taylor &amp; Francis</subfield>
      <subfield code="w">Journal:jnl3870061</subfield>
      <subfield code="x">1610-7403</subfield>
      <subfield code="7">nnas</subfield>
    </datafield>
    <datafield tag="787" ind1="1" ind2=" ">
      <subfield code="o">islandora_article_repository</subfield>
    </datafield>
    <datafield tag="787" ind1="1" ind2=" ">
      <subfield code="o">product_pubag</subfield>
    </datafield>
    <datafield tag="787" ind1="1" ind2=" ">
      <subfield code="o">(Journal)jnl3870061</subfield>
    </datafield>
    <datafield tag="856" ind1="4" ind2="0">
      <subfield code="u">https://dx.doi.org/10.1007/s10310-015-0515-0</subfield>
      <subfield code="3">Available from publisher's site</subfield>
    </datafield>
    <datafield tag="912" ind1=" " ind2=" ">
      <subfield code="a">Article</subfield>
    </datafield>
    <datafield tag="914" ind1=" " ind2=" ">
      <subfield code="a">Journal:jnl3870061</subfield>
      <subfield code="b">1341-6979</subfield>
      <subfield code="c">21</subfield>
      <subfield code="d">2</subfield>
      <subfield code="e">84</subfield>
    </datafield>
    <datafield tag="914" ind1=" " ind2=" ">
      <subfield code="f">Journal of forest research</subfield>
    </datafield>
    <datafield tag="916" ind1=" " ind2=" ">
      <subfield code="a">Batch:1247</subfield>
    </datafield>
    <datafield tag="917" ind1=" " ind2=" ">
      <subfield code="a">issued</subfield>
    </datafield>
    <datafield tag="918" ind1="2" ind2=" ">
      <subfield code="a">Taylor &amp; Francis Group</subfield>
      <subfield code="e">provider</subfield>
      <subfield code="5">DNAL</subfield>
    </datafield>
    <datafield tag="935" ind1=" " ind2=" ">
      <subfield code="a">IND605126133</subfield>
      <subfield code="9">ExL</subfield>
    </datafield>
    <datafield tag="949" ind1=" " ind2=" ">
      <subfield code="a">2016-03-29</subfield>
    </datafield>
    <datafield tag="953" ind1=" " ind2=" ">
      <subfield code="a"
        >/data/metadata/incoming/taylorfrancis/tjfr20_tjfr20.v021.i02_20200416213755#20046479.zip</subfield>
    </datafield>
    <datafield tag="954" ind1=" " ind2=" ">
      <subfield code="a">file:/data/metadata/staging/taylorfrancis/s10310-015-0515-0.xml</subfield>
    </datafield>
    <datafield tag="955" ind1=" " ind2=" ">
      <subfield code="a">/data/metadata/staging/taylorfrancis/</subfield>
    </datafield>
    <datafield tag="974" ind1=" " ind2=" ">
      <subfield code="a">agid:5126133</subfield>
    </datafield>
    <datafield tag="983" ind1=" " ind2=" ">
      <subfield code="a">2020-05-13</subfield>
    </datafield>
    <datafield tag="984" ind1=" " ind2=" ">
      <subfield code="a">2020-05-13</subfield>
    </datafield>
  </record>