
  <record>
    <leader>04686nab a2200541 u 4500</leader>
    <controlfield tag="001">9915628344307426</controlfield>
    <controlfield tag="005">20221119111149.0</controlfield>
    <controlfield tag="008">120727e201112 xx |||||o|||||||||||eng||</controlfield>
    <datafield tag="016" ind1="7" ind2=" ">
      <subfield code="a">IND44772726</subfield>
      <subfield code="2">DNAL</subfield>
    </datafield>
    <datafield tag="024" ind1="7" ind2=" ">
      <subfield code="a">10.1007/s11273-011-9229-z</subfield>
      <subfield code="2">doi</subfield>
    </datafield>
    <datafield tag="035" ind1=" " ind2=" ">
      <subfield code="a">agid:569389-01nal_inst</subfield>
    </datafield>
    <datafield tag="040" ind1=" " ind2=" ">
      <subfield code="a">AGL</subfield>
      <subfield code="b">eng</subfield>
      <subfield code="c">AGL</subfield>
    </datafield>
    <datafield tag="100" ind1="1" ind2=" ">
      <subfield code="a">Nungesser, M. K.</subfield>
      <subfield code="e">author</subfield>
      <subfield code="u">Applied Sciences Bureau, Water Resources Division, South Florida Water
        Management District, West Palm Beach, FL, USA, mnunges@sfwmd.gov</subfield>
    </datafield>
    <datafield tag="245" ind1="1" ind2="0">
      <subfield code="a">Reading the landscape: temporal and spatial changes in a patterned
        peatland</subfield>
    </datafield>
    <datafield tag="300" ind1=" " ind2=" ">
      <subfield code="a">p. 475-493.</subfield>
    </datafield>
    <datafield tag="520" ind1=" " ind2=" ">
      <subfield code="a">The Everglades of south Florida is a patterned peatland that has undergone
        major hydrologic modification over the last century, including both drainage and
        impoundment. The Everglades ridge and slough patterns were originally characterized by
        regularly spaced elevated ridges and tree islands oriented parallel to water flow through
        interconnected sloughs. Many areas of the remaining Everglades have lost this patterning
        over time. Historical aerial photography for the years 1940, 1953, 1972, 1984, and 2004
        provides source data to measure these changes over six decades. Maps were created by
        digitizing the ridges, tree islands, and sloughs in fifteen 24 km2 study plots located in
        the remaining Everglades, and metrics were developed to quantify the extent and types of
        changes in the patterns. Pattern metrics of length/width ratios, number of ridges, and
        perimeter/area ratios were used to define the details and trajectories of pattern changes in
        the study plots from 1940 through 2004. These metrics characterized elongation, smoothness,
        and abundance of ridges and tree islands. Hierarchical agglomerative cluster analysis was
        used to categorize these 75 maps (15 plots by 5 years) into five categories based on a suite
        of metrics of pattern quality. Nonmetric multidimensional scaling, an ordination technique,
        confirmed that these categories were distinct with the primary axis distinguished primarily
        by the abundance of elongated ridges in each study plot. Strong patterns like those
        described historically were characterized by numerous, long ridges while degraded patterns
        contained few large, irregularly shaped patches. Pattern degradation usually occurred with
        ridges fusing into fewer, less linear patches of emergent vegetation. Patterning improved in
        some plots, probably through wetter conditions facilitating expression of the underlying
        microtopography. Trajectories showing responses of individual study plots over the six
        decades indicated that ridge and slough patterns can degrade or improve over time scales of
        a decade or less. Changes in ridge and slough patterns indicate that (1) patterns can be
        lost quickly following severe peat dryout, yet (2) patterns appear resilient at least over
        multi-decadal time periods; (3) patterns can be maintained and possibly strengthened with
        deeper water depths, and (4) the sub-decadal response time of pattern changes visible in
        aerial imagery is highly useful for change detection within the landscape. This analysis
        suggests that restoration of some aspects of these unique peatland patterns may be possible
        within relatively short planning time frames. Use of aerial photography in future Everglades
        restoration efforts can facilitate restoration and adaptive management by documenting
        sub-decadal pattern changes in response to altered hydrology and water
        management.</subfield>
    </datafield>
    <datafield tag="592" ind1=" " ind2=" ">
      <subfield code="a">Publisher supplied data</subfield>
    </datafield>
    <datafield tag="593" ind1=" " ind2=" ">
      <subfield code="a">PubAg article</subfield>
    </datafield>
    <datafield tag="650" ind1=" " ind2="3">
      <subfield code="a">aerial photography</subfield>
    </datafield>
    <datafield tag="650" ind1=" " ind2="3">
      <subfield code="a">cluster analysis</subfield>
    </datafield>
    <datafield tag="650" ind1=" " ind2="3">
      <subfield code="a">drainage</subfield>
    </datafield>
    <datafield tag="650" ind1=" " ind2="3">
      <subfield code="a">image analysis</subfield>
    </datafield>
    <datafield tag="650" ind1=" " ind2="3">
      <subfield code="a">islands</subfield>
    </datafield>
    <datafield tag="650" ind1=" " ind2="3">
      <subfield code="a">microrelief</subfield>
    </datafield>
    <datafield tag="650" ind1=" " ind2="3">
      <subfield code="a">peat</subfield>
    </datafield>
    <datafield tag="650" ind1=" " ind2="3">
      <subfield code="a">trees</subfield>
    </datafield>
    <datafield tag="650" ind1=" " ind2="3">
      <subfield code="a">vegetation</subfield>
    </datafield>
    <datafield tag="650" ind1=" " ind2="3">
      <subfield code="a">water flow</subfield>
    </datafield>
    <datafield tag="650" ind1=" " ind2="3">
      <subfield code="a">water management</subfield>
    </datafield>
    <datafield tag="651" ind1=" " ind2="3">
      <subfield code="a">Florida</subfield>
    </datafield>
    <datafield tag="773" ind1="0" ind2=" ">
      <subfield code="t">Wetlands ecology and management.</subfield>
      <subfield code="g">2011 Dec., v. 19, no. 6 p.475-493</subfield>
      <subfield code="d">Springer-Verlag</subfield>
      <subfield code="x">0923-4861</subfield>
      <subfield code="7">nnas</subfield>
    </datafield>
    <datafield tag="787" ind1="1" ind2=" ">
      <subfield code="o">islandora_article_repository</subfield>
    </datafield>
    <datafield tag="787" ind1="1" ind2=" ">
      <subfield code="o">product_pubag</subfield>
    </datafield>
    <datafield tag="787" ind1="1" ind2=" ">
      <subfield code="o">(Journal)jnl3870260</subfield>
    </datafield>
    <datafield tag="856" ind1="4" ind2="0">
      <subfield code="u">http://dx.doi.org/10.1007/s11273-011-9229-z</subfield>
    </datafield>
    <datafield tag="912" ind1=" " ind2=" ">
      <subfield code="a">Article</subfield>
    </datafield>
    <datafield tag="914" ind1=" " ind2=" ">
      <subfield code="a">Journal:jnl3870260</subfield>
      <subfield code="b">0923-4861</subfield>
      <subfield code="c">19</subfield>
      <subfield code="d">6</subfield>
      <subfield code="e">475</subfield>
    </datafield>
    <datafield tag="914" ind1=" " ind2=" ">
      <subfield code="f">Wetlands ecology and management</subfield>
    </datafield>
    <datafield tag="917" ind1=" " ind2=" ">
      <subfield code="a">issued</subfield>
    </datafield>
    <datafield tag="918" ind1="2" ind2=" ">
      <subfield code="a">Springer</subfield>
      <subfield code="e">provider</subfield>
      <subfield code="5">DNAL</subfield>
    </datafield>
    <datafield tag="935" ind1=" " ind2=" ">
      <subfield code="a">IND44772726</subfield>
      <subfield code="9">ExL</subfield>
    </datafield>
    <datafield tag="949" ind1=" " ind2=" ">
      <subfield code="a">2014-02-19</subfield>
    </datafield>
    <datafield tag="951" ind1=" " ind2=" ">
      <subfield code="a">2012-07-27</subfield>
    </datafield>
    <datafield tag="953" ind1=" " ind2=" ">
      <subfield code="a">ftp_PUB_11-11-30_06-30-55.zip</subfield>
    </datafield>
    <datafield tag="962" ind1=" " ind2=" ">
      <subfield code="a">Journal title changed from 'Wetlands Ecol Manage'</subfield>
    </datafield>
    <datafield tag="962" ind1=" " ind2=" ">
      <subfield code="a">Batch:429 annotated on 2014-01-27T14:16:11Z</subfield>
    </datafield>
    <datafield tag="962" ind1=" " ind2=" ">
      <subfield code="a">Batch:429 reviewed on 2014-02-19T04:00:03Z</subfield>
    </datafield>
    <datafield tag="974" ind1=" " ind2=" ">
      <subfield code="a">agid:569389</subfield>
    </datafield>
  </record>