
  <record>
    <leader>03922nab a2200625 u 4500</leader>
    <controlfield tag="001">9915629078707426</controlfield>
    <controlfield tag="005">20221119114707.0</controlfield>
    <controlfield tag="008">171020e201710 xx |||||o|||||||||||eng||</controlfield>
    <datafield tag="016" ind1="7" ind2=" ">
      <subfield code="a">IND605836362</subfield>
      <subfield code="2">DNAL</subfield>
    </datafield>
    <datafield tag="024" ind1="7" ind2=" ">
      <subfield code="a">10.1111/1365-2656.12730</subfield>
      <subfield code="2">doi</subfield>
    </datafield>
    <datafield tag="035" ind1=" " ind2=" ">
      <subfield code="a">agid:5836362-01nal_inst</subfield>
    </datafield>
    <datafield tag="040" ind1=" " ind2=" ">
      <subfield code="a">AGL</subfield>
      <subfield code="b">eng</subfield>
      <subfield code="c">AGL</subfield>
    </datafield>
    <datafield tag="100" ind1="1" ind2=" ">
      <subfield code="a">Griffen, Blaine D.</subfield>
      <subfield code="e">author</subfield>
    </datafield>
    <datafield tag="245" ind1="1" ind2="0">
      <subfield code="a">Indirect effects of ecosystem engineering combine with consumer behaviour
        to determine the spatial distribution of herbivory</subfield>
    </datafield>
    <datafield tag="300" ind1=" " ind2=" ">
      <subfield code="a">p. 1425-1433.</subfield>
    </datafield>
    <datafield tag="500" ind1=" " ind2=" ">
      <subfield code="a">JOURNAL ARTICLE</subfield>
    </datafield>
    <datafield tag="520" ind1=" " ind2=" ">
      <subfield code="a">Ecosystem engineers alter environments by creating, modifying or destroying
        habitats. The indirect impacts of ecosystem engineering on trophic interactions should
        depend on the combination of the spatial distribution of engineered structures and the
        foraging behaviour of consumers that use these structures as refuges. In this study, we
        assessed the indirect effects of ecosystem engineering by a wood‐boring beetle in a
        neotropical mangrove forest system. We identified herbivory patterns in a dwarf mangrove
        forest on the archipelago of Twin Cays, Belize. Past wood‐boring activity impacted more than
        one‐third of trees through the creation of tree holes that are now used, presumably as
        predation or thermal refuge, by the herbivorous mangrove tree crab Aratus pisonii. The
        presence of these refuges had a significant impact on plant–animal interactions; herbivory
        was more than fivefold higher on trees influenced by tree holes relative to those that were
        completely isolated from these refuges. Additionally, herbivory decreased exponentially with
        increasing distance from tree holes. We use individual‐based simulation modelling to
        demonstrate that the creation of these herbivory patterns depends on a combination of the
        use of engineered tree holes for refuge by tree crabs, and the use of two behaviour patterns
        in this species—site fidelity to a “home tree,” and more frequent foraging near their home
        tree. We demonstrate that understanding the spatial distribution of herbivory in this system
        depends on combining both the use of ecosystem engineering structures with individual
        behavioural patterns of herbivores.</subfield>
    </datafield>
    <datafield tag="592" ind1=" " ind2=" ">
      <subfield code="a">Publisher supplied data</subfield>
    </datafield>
    <datafield tag="593" ind1=" " ind2=" ">
      <subfield code="a">PubAg article</subfield>
    </datafield>
    <datafield tag="650" ind1=" " ind2="3">
      <subfield code="a">Coleoptera</subfield>
    </datafield>
    <datafield tag="650" ind1=" " ind2="3">
      <subfield code="a">consumer behavior</subfield>
    </datafield>
    <datafield tag="650" ind1=" " ind2="3">
      <subfield code="a">crabs</subfield>
    </datafield>
    <datafield tag="650" ind1=" " ind2="3">
      <subfield code="a">ecosystem engineers</subfield>
    </datafield>
    <datafield tag="650" ind1=" " ind2="3">
      <subfield code="a">foraging</subfield>
    </datafield>
    <datafield tag="650" ind1=" " ind2="3">
      <subfield code="a">habitats</subfield>
    </datafield>
    <datafield tag="650" ind1=" " ind2="3">
      <subfield code="a">herbivores</subfield>
    </datafield>
    <datafield tag="650" ind1=" " ind2="3">
      <subfield code="a">mangrove forests</subfield>
    </datafield>
    <datafield tag="650" ind1=" " ind2="3">
      <subfield code="a">manmade structures</subfield>
    </datafield>
    <datafield tag="650" ind1=" " ind2="3">
      <subfield code="a">predation</subfield>
    </datafield>
    <datafield tag="650" ind1=" " ind2="3">
      <subfield code="a">simulation models</subfield>
    </datafield>
    <datafield tag="650" ind1=" " ind2="3">
      <subfield code="a">spatial distribution</subfield>
    </datafield>
    <datafield tag="650" ind1=" " ind2="3">
      <subfield code="a">tree cavities</subfield>
    </datafield>
    <datafield tag="650" ind1=" " ind2="3">
      <subfield code="a">trees</subfield>
    </datafield>
    <datafield tag="651" ind1=" " ind2="3">
      <subfield code="a">Belize</subfield>
    </datafield>
    <datafield tag="700" ind1="1" ind2=" ">
      <subfield code="a">Riley, Megan E.</subfield>
      <subfield code="e">author</subfield>
      <subfield code="u">Department of Biological Sciences, University of South Carolina, Columbia,
        SC, USA</subfield>
    </datafield>
    <datafield tag="700" ind1="1" ind2=" ">
      <subfield code="a">Cannizzo, Zachary J.</subfield>
      <subfield code="e">author</subfield>
      <subfield code="u">School of the Earth, Ocean, and Environment, University of South Carolina,
        Columbia, SC, USA</subfield>
    </datafield>
    <datafield tag="700" ind1="1" ind2=" ">
      <subfield code="a">Feller, Ilka C.</subfield>
      <subfield code="e">author</subfield>
      <subfield code="u">Smithsonian Environmental Research Center, Smithsonian Institution,
        Edgewater, MD, USA</subfield>
    </datafield>
    <datafield tag="773" ind1="0" ind2=" ">
      <subfield code="t">journal of animal ecology.</subfield>
      <subfield code="g">2017 Oct., v. 86, no. 6 p.1425-1433</subfield>
      <subfield code="d">John Wiley &amp; Sons, Ltd</subfield>
      <subfield code="x">0021-8790</subfield>
      <subfield code="7">nnas</subfield>
    </datafield>
    <datafield tag="787" ind1="1" ind2=" ">
      <subfield code="o">islandora_article_repository</subfield>
    </datafield>
    <datafield tag="787" ind1="1" ind2=" ">
      <subfield code="o">product_pubag</subfield>
    </datafield>
    <datafield tag="787" ind1="1" ind2=" ">
      <subfield code="o">(Journal)jnl16424</subfield>
    </datafield>
    <datafield tag="856" ind1="4" ind2="0">
      <subfield code="u">http://dx.doi.org/10.1111/1365-2656.12730</subfield>
      <subfield code="3">Available from publisher's site</subfield>
    </datafield>
    <datafield tag="912" ind1=" " ind2=" ">
      <subfield code="a">Article</subfield>
    </datafield>
    <datafield tag="914" ind1=" " ind2=" ">
      <subfield code="a">Journal:jnl16424</subfield>
      <subfield code="b">0021-8790</subfield>
      <subfield code="c">86</subfield>
      <subfield code="d">6</subfield>
      <subfield code="e">1425</subfield>
    </datafield>
    <datafield tag="914" ind1=" " ind2=" ">
      <subfield code="f">journal of animal ecology</subfield>
    </datafield>
    <datafield tag="916" ind1=" " ind2=" ">
      <subfield code="a">Batch:1888</subfield>
    </datafield>
    <datafield tag="917" ind1=" " ind2=" ">
      <subfield code="a">issued</subfield>
    </datafield>
    <datafield tag="918" ind1="2" ind2=" ">
      <subfield code="a">John Wiley &amp; Sons, Inc</subfield>
      <subfield code="e">provider</subfield>
      <subfield code="5">DNAL</subfield>
    </datafield>
    <datafield tag="935" ind1=" " ind2=" ">
      <subfield code="a">IND605836362</subfield>
      <subfield code="9">ExL</subfield>
    </datafield>
    <datafield tag="949" ind1=" " ind2=" ">
      <subfield code="a">2018-02-09</subfield>
    </datafield>
    <datafield tag="953" ind1=" " ind2=" ">
      <subfield code="a">00218790_2017_86_6.xml</subfield>
    </datafield>
    <datafield tag="962" ind1=" " ind2=" ">
      <subfield code="a">Batch:1888 reviewed on 2018-02-09T04:00:02Z</subfield>
    </datafield>
    <datafield tag="974" ind1=" " ind2=" ">
      <subfield code="a">agid:5836362</subfield>
    </datafield>
    <datafield tag="983" ind1=" " ind2=" ">
      <subfield code="a">2017-10-20</subfield>
    </datafield>
    <datafield tag="984" ind1=" " ind2=" ">
      <subfield code="a">2018-02-09</subfield>
    </datafield>
  </record>