
  <record>
    <leader>03853nab a2200601 u 4500</leader>
    <controlfield tag="001">9915629859107426</controlfield>
    <controlfield tag="005">20221119120258.0</controlfield>
    <controlfield tag="008">080302s2006 xx |||||o|||||||||||eng||</controlfield>
    <datafield tag="016" ind1="7" ind2=" ">
      <subfield code="a">IND44021756</subfield>
      <subfield code="2">DNAL</subfield>
    </datafield>
    <datafield tag="024" ind1="7" ind2=" ">
      <subfield code="a">10.1007/s00382-005-0090-8</subfield>
      <subfield code="2">doi</subfield>
    </datafield>
    <datafield tag="035" ind1=" " ind2=" ">
      <subfield code="a">agid:274250-01nal_inst</subfield>
    </datafield>
    <datafield tag="040" ind1=" " ind2=" ">
      <subfield code="a">AGL</subfield>
      <subfield code="b">eng</subfield>
      <subfield code="c">AGL</subfield>
    </datafield>
    <datafield tag="100" ind1="1" ind2=" ">
      <subfield code="a">Pauling, Andreas</subfield>
    </datafield>
    <datafield tag="245" ind1="1" ind2="0">
      <subfield code="a">Five hundred years of gridded high-resolution precipitation reconstructions
        over Europe and the connection to large-scale circulation</subfield>
    </datafield>
    <datafield tag="300" ind1=" " ind2=" ">
      <subfield code="a">p. 387-405.</subfield>
    </datafield>
    <datafield tag="500" ind1=" " ind2=" ">
      <subfield code="a">Includes references</subfield>
    </datafield>
    <datafield tag="520" ind1=" " ind2=" ">
      <subfield code="a">We present seasonal precipitation reconstructions for European land areas
        (30°W to 40°E/30-71°N; given on a 0.5°x0.5° resolved grid) covering the period 1500-1900
        together with gridded reanalysis from 1901 to 2000 (Mitchell and Jones 2005). Principal
        component regression techniques were applied to develop this dataset. A large variety of
        long instrumental precipitation series, precipitation indices based on documentary evidence
        and natural proxies (tree-ring chronologies, ice cores, corals and a speleothem) that are
        sensitive to precipitation signals were used as predictors. Transfer functions were derived
        over the 1901-1983 calibration period and applied to 1500-1900 in order to reconstruct the
        large-scale precipitation fields over Europe. The performance (quality estimation based on
        unresolved variance within the calibration period) of the reconstructions varies over
        centuries, seasons and space. Highest reconstructive skill was found for winter over central
        Europe and the Iberian Peninsula. Precipitation variability over the last half millennium
        reveals both large interannual and decadal fluctuations. Applying running correlations, we
        found major non-stationarities in the relation between large-scale circulation and regional
        precipitation. For several periods during the last 500 years, we identified key atmospheric
        modes for southern Spain/northern Morocco and central Europe as representations of two
        precipitation regimes. Using scaled composite analysis, we show that precipitation extremes
        over central Europe and southern Spain are linked to distinct pressure patterns. Due to its
        high spatial and temporal resolution, this dataset allows detailed studies of regional
        precipitation variability for all seasons, impact studies on different time and space
        scales, comparisons with high-resolution climate models as well as analysis of connections
        with regional temperature reconstructions.</subfield>
    </datafield>
    <datafield tag="593" ind1=" " ind2=" ">
      <subfield code="a">PubAg article</subfield>
    </datafield>
    <datafield tag="650" ind1=" " ind2="3">
      <subfield code="a">climate models</subfield>
    </datafield>
    <datafield tag="650" ind1=" " ind2="3">
      <subfield code="a">corals</subfield>
    </datafield>
    <datafield tag="650" ind1=" " ind2="3">
      <subfield code="a">data collection</subfield>
    </datafield>
    <datafield tag="650" ind1=" " ind2="3">
      <subfield code="a">growth rings</subfield>
    </datafield>
    <datafield tag="650" ind1=" " ind2="3">
      <subfield code="a">ice</subfield>
    </datafield>
    <datafield tag="650" ind1=" " ind2="3">
      <subfield code="a">space and time</subfield>
    </datafield>
    <datafield tag="650" ind1=" " ind2="3">
      <subfield code="a">temperature</subfield>
    </datafield>
    <datafield tag="650" ind1=" " ind2="3">
      <subfield code="a">variance</subfield>
    </datafield>
    <datafield tag="650" ind1=" " ind2="3">
      <subfield code="a">winter</subfield>
    </datafield>
    <datafield tag="651" ind1=" " ind2="3">
      <subfield code="a">Iberian Peninsula</subfield>
    </datafield>
    <datafield tag="651" ind1=" " ind2="3">
      <subfield code="a">Morocco</subfield>
    </datafield>
    <datafield tag="651" ind1=" " ind2="3">
      <subfield code="a">Spain</subfield>
    </datafield>
    <datafield tag="700" ind1="1" ind2=" ">
      <subfield code="a">Luterbacher, Jürg</subfield>
    </datafield>
    <datafield tag="700" ind1="1" ind2=" ">
      <subfield code="a">Casty, Carlo</subfield>
    </datafield>
    <datafield tag="700" ind1="1" ind2=" ">
      <subfield code="a">Wanner, Heinz</subfield>
    </datafield>
    <datafield tag="773" ind1="0" ind2=" ">
      <subfield code="t">Climate dynamics.</subfield>
      <subfield code="g">2006 Mar., v. 26, no. 4 p.387-405</subfield>
      <subfield code="d">Springer-Verlag</subfield>
      <subfield code="x">0930-7575</subfield>
      <subfield code="7">nnas</subfield>
    </datafield>
    <datafield tag="787" ind1="1" ind2=" ">
      <subfield code="o">islandora_article_repository</subfield>
    </datafield>
    <datafield tag="787" ind1="1" ind2=" ">
      <subfield code="o">product_pubag</subfield>
    </datafield>
    <datafield tag="787" ind1="1" ind2=" ">
      <subfield code="o">(Journal)jnl3895934</subfield>
    </datafield>
    <datafield tag="852" ind1=" " ind2=" ">
      <subfield code="a">DNAL</subfield>
    </datafield>
    <datafield tag="856" ind1="4" ind2="0">
      <subfield code="u">http://dx.doi.org/10.1007/s00382-005-0090-8</subfield>
      <subfield code="3">Available from publisher's Web site</subfield>
    </datafield>
    <datafield tag="912" ind1=" " ind2=" ">
      <subfield code="a">Article</subfield>
    </datafield>
    <datafield tag="914" ind1=" " ind2=" ">
      <subfield code="a">Journal:jnl3895934</subfield>
      <subfield code="b">0930-7575</subfield>
      <subfield code="c">26</subfield>
      <subfield code="d">4</subfield>
      <subfield code="e">387</subfield>
    </datafield>
    <datafield tag="914" ind1=" " ind2=" ">
      <subfield code="f">Climate dynamics</subfield>
    </datafield>
    <datafield tag="916" ind1=" " ind2=" ">
      <subfield code="a">Batch:679</subfield>
    </datafield>
    <datafield tag="917" ind1=" " ind2=" ">
      <subfield code="a">issued</subfield>
    </datafield>
    <datafield tag="935" ind1=" " ind2=" ">
      <subfield code="a">IND44021756</subfield>
      <subfield code="9">ExL</subfield>
    </datafield>
    <datafield tag="949" ind1=" " ind2=" ">
      <subfield code="a">2014-10-30</subfield>
    </datafield>
    <datafield tag="962" ind1=" " ind2=" ">
      <subfield code="a">Batch:679 annotated on 2014-10-06T13:52:06Z</subfield>
    </datafield>
    <datafield tag="962" ind1=" " ind2=" ">
      <subfield code="a">Batch:679 reviewed on 2014-10-30T04:00:02Z</subfield>
    </datafield>
    <datafield tag="962" ind1=" " ind2=" ">
      <subfield code="a">Batch:679 reviewed on 2014-10-30T11:00:02Z</subfield>
    </datafield>
    <datafield tag="974" ind1=" " ind2=" ">
      <subfield code="a">agid:274250</subfield>
    </datafield>
    <datafield tag="984" ind1=" " ind2=" ">
      <subfield code="a">2011-11-02</subfield>
    </datafield>
    <datafield tag="985" ind1=" " ind2=" ">
      <subfield code="a">Converted from MARCXML to MODS version 3.4 using MARC21slim2MODS3-4.xsl
        (Revision 1.94 2014/02/21)</subfield>
    </datafield>
    <datafield tag="986" ind1=" " ind2=" ">
      <subfield code="a">4021756</subfield>
    </datafield>
  </record>