
  <record>
    <leader>04828nab a2200697 u 4500</leader>
    <controlfield tag="001">9915630676607426</controlfield>
    <controlfield tag="005">20221119123459.0</controlfield>
    <controlfield tag="008">190412e201711 xx |||||o|||||||||||eng||</controlfield>
    <datafield tag="016" ind1="7" ind2=" ">
      <subfield code="a">IND605760213</subfield>
      <subfield code="2">DNAL</subfield>
    </datafield>
    <datafield tag="024" ind1="7" ind2=" ">
      <subfield code="a">10.1016/j.ecolind.2017.07.012</subfield>
      <subfield code="2">doi</subfield>
    </datafield>
    <datafield tag="035" ind1=" " ind2=" ">
      <subfield code="a">agid:5760213-01nal_inst</subfield>
    </datafield>
    <datafield tag="040" ind1=" " ind2=" ">
      <subfield code="a">AGL</subfield>
      <subfield code="b">eng</subfield>
      <subfield code="c">AGL</subfield>
    </datafield>
    <datafield tag="100" ind1="1" ind2=" ">
      <subfield code="a">Cai, Qiufang</subfield>
      <subfield code="e">author</subfield>
      <subfield code="u">The State Key Laboratory of Loess and Quaternary Geology, The Institute of
        Earth Environment, Chinese Academy of Sciences, Xi'an, 710061, China</subfield>
    </datafield>
    <datafield tag="245" ind1="1" ind2="0">
      <subfield code="a">Growing-season precipitation since 1872 in the coastal area of subtropical
        southeast China reconstructed from tree rings and its relationship with the East Asian
        summer monsoon system</subfield>
    </datafield>
    <datafield tag="300" ind1=" " ind2=" ">
      <subfield code="a">p. 441-450.</subfield>
    </datafield>
    <datafield tag="500" ind1=" " ind2=" ">
      <subfield code="a">2019-12-06</subfield>
    </datafield>
    <datafield tag="520" ind1=" " ind2=" ">
      <subfield code="a">Tree rings from temperate zones of the world have provided abundant palaeo-
        ecological and paleo-hydroclimatic information. However, tree rings from subtropical to
        tropical regions remain relatively scarce, which greatly limit our fully understanding about
        the climate change issues. In the present work, tree-ring-width (TRW) measurements of Masson
        pine from Fujian province, the coastal area of subtropical southeast China were successfully
        crossdated and a TRW STD chronology was developed from 1854 to 2012. Significantly positive
        correlation was identified between the tree rings and April–November total precipitation
        (r=0.71, p&lt;0.01). The reconstructed April–November precipitation exhibited two
        comparatively wet (1876–1886 and 1957–1962) and one comparatively dry (1986–2004) periods.
        An evident drying trend since 1959 was seen and it was mitigated after 1993. Most of the
        extreme low-precipitation years in the reconstruction were supported by the historical
        records. As revealed by the spatial correlation patterns, our precipitation reconstruction
        was also consistent with other hydroclimatic records along the coastal areas of southeast
        China, proving its ability to capture the large-scale hydrological signal in southeast China
        (mainly refers to the south of the middle-lower reaches of Yangtze River). The reconstructed
        precipitation showed significant correlation with the East Asian summer Monsoon (EASM)
        index. Moreover, it also indicated simultaneous variation with the monsoon precipitation in
        North China on a decadal scale, implying that growing season precipitation variations in
        both regions were influenced by the EASM strength. This work highlights the potential of
        using tree-ring width to reconstruct precipitation in subtropical southeast China, while the
        relevant issues about precipitation variation in this region is far from
        resolved.</subfield>
    </datafield>
    <datafield tag="592" ind1=" " ind2=" ">
      <subfield code="a">Publisher supplied data</subfield>
    </datafield>
    <datafield tag="593" ind1=" " ind2=" ">
      <subfield code="a">PubAg article</subfield>
    </datafield>
    <datafield tag="650" ind1=" " ind2="3">
      <subfield code="a">growth rings</subfield>
    </datafield>
    <datafield tag="650" ind1=" " ind2="3">
      <subfield code="a">monsoon season</subfield>
    </datafield>
    <datafield tag="650" ind1=" " ind2="3">
      <subfield code="a">tropics</subfield>
    </datafield>
    <datafield tag="650" ind1=" " ind2="3">
      <subfield code="a">climate change</subfield>
    </datafield>
    <datafield tag="650" ind1=" " ind2="3">
      <subfield code="a">growing season</subfield>
    </datafield>
    <datafield tag="650" ind1=" " ind2="3">
      <subfield code="a">temperate zones</subfield>
    </datafield>
    <datafield tag="650" ind1=" " ind2="3">
      <subfield code="a">hydrology</subfield>
    </datafield>
    <datafield tag="650" ind1=" " ind2="3">
      <subfield code="a">summer</subfield>
    </datafield>
    <datafield tag="650" ind1=" " ind2="3">
      <subfield code="a">coasts</subfield>
    </datafield>
    <datafield tag="650" ind1=" " ind2="3">
      <subfield code="a">drying</subfield>
    </datafield>
    <datafield tag="651" ind1=" " ind2="3">
      <subfield code="a">Yangtze River</subfield>
    </datafield>
    <datafield tag="651" ind1=" " ind2="3">
      <subfield code="a">China</subfield>
    </datafield>
    <datafield tag="653" ind1=" " ind2="0">
      <subfield code="a">Precipitation reconstruction</subfield>
    </datafield>
    <datafield tag="653" ind1=" " ind2="0">
      <subfield code="a">Tree ring</subfield>
    </datafield>
    <datafield tag="653" ind1=" " ind2="0">
      <subfield code="a">Subtropical southeast China</subfield>
    </datafield>
    <datafield tag="653" ind1=" " ind2="0">
      <subfield code="a">Growing season</subfield>
    </datafield>
    <datafield tag="653" ind1=" " ind2="0">
      <subfield code="a">records</subfield>
    </datafield>
    <datafield tag="653" ind1=" " ind2="0">
      <subfield code="a">East Asian summer monsoon</subfield>
    </datafield>
    <datafield tag="653" ind1=" " ind2="0">
      <subfield code="a">Spatial hydrological signal</subfield>
    </datafield>
    <datafield tag="700" ind1="1" ind2=" ">
      <subfield code="a">Liu, Yu</subfield>
      <subfield code="e">author</subfield>
      <subfield code="u">The State Key Laboratory of Loess and Quaternary Geology, The Institute of
        Earth Environment, Chinese Academy of Sciences, Xi'an, 710061, China</subfield>
    </datafield>
    <datafield tag="700" ind1="1" ind2=" ">
      <subfield code="a">Liu, Han</subfield>
      <subfield code="e">author</subfield>
      <subfield code="u">The State Key Laboratory of Loess and Quaternary Geology, The Institute of
        Earth Environment, Chinese Academy of Sciences, Xi'an, 710061, China</subfield>
    </datafield>
    <datafield tag="700" ind1="1" ind2=" ">
      <subfield code="a">Sun, Changfeng</subfield>
      <subfield code="e">author</subfield>
      <subfield code="u">The State Key Laboratory of Loess and Quaternary Geology, The Institute of
        Earth Environment, Chinese Academy of Sciences, Xi'an, 710061, China</subfield>
    </datafield>
    <datafield tag="700" ind1="1" ind2=" ">
      <subfield code="a">Wang, Yanchao</subfield>
      <subfield code="e">author</subfield>
      <subfield code="u">Department of Geography, Xingtai University, Xingtai 054001,
        China</subfield>
    </datafield>
    <datafield tag="773" ind1="0" ind2=" ">
      <subfield code="t">Ecological indicators.</subfield>
      <subfield code="g">2017 Nov., v. 82 p.441-450</subfield>
      <subfield code="d">Elsevier Ltd</subfield>
      <subfield code="w">Journal:6196</subfield>
      <subfield code="x">1470-160X</subfield>
      <subfield code="7">nnas</subfield>
    </datafield>
    <datafield tag="787" ind1="1" ind2=" ">
      <subfield code="o">islandora_article_repository</subfield>
    </datafield>
    <datafield tag="787" ind1="1" ind2=" ">
      <subfield code="o">product_pubag</subfield>
    </datafield>
    <datafield tag="787" ind1="1" ind2=" ">
      <subfield code="o">(Journal)6196</subfield>
    </datafield>
    <datafield tag="856" ind1="4" ind2="0">
      <subfield code="u">https://dx.doi.org/10.1016/j.ecolind.2017.07.012</subfield>
      <subfield code="3">Available from publisher's site</subfield>
    </datafield>
    <datafield tag="912" ind1=" " ind2=" ">
      <subfield code="a">Article</subfield>
    </datafield>
    <datafield tag="914" ind1=" " ind2=" ">
      <subfield code="a">Journal:6196</subfield>
      <subfield code="b">1470-160X</subfield>
    </datafield>
    <datafield tag="914" ind1=" " ind2=" ">
      <subfield code="f">Ecological indicators</subfield>
    </datafield>
    <datafield tag="916" ind1=" " ind2=" ">
      <subfield code="a">Batch:1829</subfield>
    </datafield>
    <datafield tag="917" ind1=" " ind2=" ">
      <subfield code="a">issued</subfield>
    </datafield>
    <datafield tag="918" ind1="2" ind2=" ">
      <subfield code="a">Elsevier Consyn</subfield>
      <subfield code="e">provider</subfield>
      <subfield code="5">DNAL</subfield>
    </datafield>
    <datafield tag="935" ind1=" " ind2=" ">
      <subfield code="a">IND605760213</subfield>
      <subfield code="9">ExL</subfield>
    </datafield>
    <datafield tag="949" ind1=" " ind2=" ">
      <subfield code="a">2019-04-12</subfield>
    </datafield>
    <datafield tag="953" ind1=" " ind2=" ">
      <subfield code="a"
        >/data/metadata/incoming/consyn-backfiles/46-2-00100-HEAD-ONLY.zip</subfield>
    </datafield>
    <datafield tag="954" ind1=" " ind2=" ">
      <subfield code="a"
        >file:/data/metadata/staging/consyn-backfiles/S1470160X17304259.xml</subfield>
    </datafield>
    <datafield tag="955" ind1=" " ind2=" ">
      <subfield code="a">/data/metadata/staging/consyn-backfiles/</subfield>
    </datafield>
    <datafield tag="974" ind1=" " ind2=" ">
      <subfield code="a">agid:5760213</subfield>
    </datafield>
    <datafield tag="983" ind1=" " ind2=" ">
      <subfield code="a">2019-04-12</subfield>
    </datafield>
    <datafield tag="984" ind1=" " ind2=" ">
      <subfield code="a">2019-04-12</subfield>
    </datafield>
  </record>