
  <record>
    <leader>04470nab a2200589 u 4500</leader>
    <controlfield tag="001">9915631581707426</controlfield>
    <controlfield tag="005">20221119125636.0</controlfield>
    <controlfield tag="008">210929e202110 xx |||||o|||||||||||eng||</controlfield>
    <datafield tag="016" ind1="7" ind2=" ">
      <subfield code="a">IND607521183</subfield>
      <subfield code="2">DNAL</subfield>
    </datafield>
    <datafield tag="024" ind1="7" ind2=" ">
      <subfield code="a">10.1111/jbi.14219</subfield>
      <subfield code="2">doi</subfield>
    </datafield>
    <datafield tag="035" ind1=" " ind2=" ">
      <subfield code="a">agid:7521183-01nal_inst</subfield>
    </datafield>
    <datafield tag="040" ind1=" " ind2=" ">
      <subfield code="a">AGL</subfield>
      <subfield code="b">eng</subfield>
      <subfield code="c">AGL</subfield>
    </datafield>
    <datafield tag="100" ind1="1" ind2=" ">
      <subfield code="a">Tellería, José Luis</subfield>
      <subfield code="e">author</subfield>
      <subfield code="u">Department of Biodiversity, Ecology and Evolution, Universidad Complutense,
        Madrid, Spain</subfield>
      <subfield code="1">https://orcid.org/0000-0001-6170-8860</subfield>
    </datafield>
    <datafield tag="245" ind1="1" ind2="0">
      <subfield code="a">Ecological and geographical marginality in rear edge populations of
        Palaearctic forest birds</subfield>
    </datafield>
    <datafield tag="300" ind1=" " ind2=" ">
      <subfield code="a">p. 2538-2549.</subfield>
    </datafield>
    <datafield tag="500" ind1=" " ind2=" ">
      <subfield code="a">JOURNAL ARTICLE</subfield>
    </datafield>
    <datafield tag="520" ind1=" " ind2=" ">
      <subfield code="a">AIM: The centre–periphery hypothesis predicts that habitat suitability will
        decrease at the edge of a species’ range, a pattern often questioned by empirical data. Here
        we explore if habitat suitability decreases southwards and shapes the abundance distribution
        of rear edge populations of forest birds within the restricted geographical setting of the
        south‐western Palaearctic. We also test if birds endemic to the area fit more poorly to the
        latitudinal decrease in habitat suitability due to the putative effect of adaptations to
        regional conditions. LOCATION: North‐western Africa (Morocco). TAXON: Passerines
        (11 species). METHODS: Bird occurrences were used to model species distribution and line
        transects were used to estimate bird abundance. Occurrence probabilities provided by species
        distribution models were used to display the spatial patterning of habitat suitability.
        Habitat suitability was employed to predict abundance after controlling for the effect of
        the distance to some regional source areas of forest birds (tree covered large areas). The
        species were classified as North African endemic according to an updated review of their
        taxonomic status. RESULTS: Habitat suitability decreased southwards, supporting the
        predicted relationship between ecological and geographical marginality in most species.
        Abundance was positively correlated with habitat suitability and negatively correlated with
        distance to source areas. The taxonomic status of birds did not affect the patterns. MAIN
        CONCLUSIONS: The southward decrease in habitat suitability predicted by the centre–periphery
        hypothesis shapes the distribution of rear edge populations of forest birds within the
        south‐western Palaearctic. As most of these populations are endemic, the results suggest
        that they track the gradients in isolation within the geographical setting of north‐western
        Africa. These results support the vulnerability of these isolated, peripheral populations of
        forest birds to large‐scale environmental changes in a region under the effect of increasing
        drought and temperature.</subfield>
    </datafield>
    <datafield tag="592" ind1=" " ind2=" ">
      <subfield code="a">Publisher supplied data</subfield>
    </datafield>
    <datafield tag="593" ind1=" " ind2=" ">
      <subfield code="a">PubAg article</subfield>
    </datafield>
    <datafield tag="596" ind1=" " ind2=" ">
      <subfield code="c">Ministerio de Ciencia e Innovación</subfield>
    </datafield>
    <datafield tag="650" ind1=" " ind2="3">
      <subfield code="a">Palearctic region</subfield>
    </datafield>
    <datafield tag="650" ind1=" " ind2="3">
      <subfield code="a">Passeriformes</subfield>
    </datafield>
    <datafield tag="650" ind1=" " ind2="3">
      <subfield code="a">biogeography</subfield>
    </datafield>
    <datafield tag="650" ind1=" " ind2="3">
      <subfield code="a">drought</subfield>
    </datafield>
    <datafield tag="650" ind1=" " ind2="3">
      <subfield code="a">forests</subfield>
    </datafield>
    <datafield tag="650" ind1=" " ind2="3">
      <subfield code="a">geographical distribution</subfield>
    </datafield>
    <datafield tag="650" ind1=" " ind2="3">
      <subfield code="a">habitats</subfield>
    </datafield>
    <datafield tag="650" ind1=" " ind2="3">
      <subfield code="a">temperature</subfield>
    </datafield>
    <datafield tag="650" ind1=" " ind2="3">
      <subfield code="a">trees</subfield>
    </datafield>
    <datafield tag="651" ind1=" " ind2="3">
      <subfield code="a">Morocco</subfield>
    </datafield>
    <datafield tag="700" ind1="1" ind2=" ">
      <subfield code="a">Hernández‐Lambraño, Ricardo Enrique</subfield>
      <subfield code="e">author</subfield>
      <subfield code="u">Departamento de Botánica y Fisiología Vegetal, Facultad de Farmacia,
        Universidad de Salamanca, Avenida Licenciado Méndez Nieto s/n, Salamanca, Spain</subfield>
    </datafield>
    <datafield tag="700" ind1="1" ind2=" ">
      <subfield code="a">Carbonell, Roberto</subfield>
      <subfield code="e">author</subfield>
      <subfield code="u">Department of Biodiversity, Ecology and Evolution, Universidad Complutense,
        Madrid, Spain</subfield>
    </datafield>
    <datafield tag="773" ind1="0" ind2=" ">
      <subfield code="t">Journal of biogeography.</subfield>
      <subfield code="g">2021 Oct., v. 48, no. 10 p.2538-2549</subfield>
      <subfield code="d">John Wiley &amp; Sons, Ltd</subfield>
      <subfield code="w">Journal:jnl9765</subfield>
      <subfield code="x">0305-0270</subfield>
      <subfield code="7">nnas</subfield>
    </datafield>
    <datafield tag="787" ind1="1" ind2=" ">
      <subfield code="o">islandora_article_repository</subfield>
    </datafield>
    <datafield tag="787" ind1="1" ind2=" ">
      <subfield code="o">product_pubag</subfield>
    </datafield>
    <datafield tag="787" ind1="1" ind2=" ">
      <subfield code="o">(Journal)jnl9765</subfield>
    </datafield>
    <datafield tag="856" ind1="4" ind2="0">
      <subfield code="u">http://dx.doi.org/10.1111/jbi.14219</subfield>
      <subfield code="3">Available from publisher's site</subfield>
    </datafield>
    <datafield tag="912" ind1=" " ind2=" ">
      <subfield code="a">Article</subfield>
    </datafield>
    <datafield tag="914" ind1=" " ind2=" ">
      <subfield code="a">Journal:jnl9765</subfield>
      <subfield code="b">0305-0270</subfield>
      <subfield code="c">48</subfield>
      <subfield code="d">10</subfield>
      <subfield code="e">2538</subfield>
    </datafield>
    <datafield tag="914" ind1=" " ind2=" ">
      <subfield code="f">Journal of biogeography</subfield>
    </datafield>
    <datafield tag="916" ind1=" " ind2=" ">
      <subfield code="a">Batch:10205</subfield>
    </datafield>
    <datafield tag="917" ind1=" " ind2=" ">
      <subfield code="a">issued</subfield>
    </datafield>
    <datafield tag="918" ind1="2" ind2=" ">
      <subfield code="a">John Wiley &amp; Sons, Inc</subfield>
      <subfield code="e">provider</subfield>
      <subfield code="5">DNAL</subfield>
    </datafield>
    <datafield tag="935" ind1=" " ind2=" ">
      <subfield code="a">IND607521183</subfield>
      <subfield code="9">ExL</subfield>
    </datafield>
    <datafield tag="949" ind1=" " ind2=" ">
      <subfield code="a">2022-02-23</subfield>
    </datafield>
    <datafield tag="952" ind1=" " ind2=" ">
      <subfield code="d">NAL-AP-2-clean</subfield>
    </datafield>
    <datafield tag="953" ind1=" " ind2=" ">
      <subfield code="a">/data/metadata/incoming/wiley/03050270_2021_48_10.xml</subfield>
    </datafield>
    <datafield tag="954" ind1=" " ind2=" ">
      <subfield code="a">file:/data/metadata/staging/wiley/03050270_2021_48_10.xml</subfield>
    </datafield>
    <datafield tag="955" ind1=" " ind2=" ">
      <subfield code="a">/data/metadata/staging/wiley/</subfield>
    </datafield>
    <datafield tag="974" ind1=" " ind2=" ">
      <subfield code="a">agid:7521183</subfield>
    </datafield>
    <datafield tag="983" ind1=" " ind2=" ">
      <subfield code="a">2021-09-29</subfield>
    </datafield>
    <datafield tag="984" ind1=" " ind2=" ">
      <subfield code="a">2022-02-18</subfield>
    </datafield>
  </record>