
  <record>
    <leader>04979nab a2200697 u 4500</leader>
    <controlfield tag="001">9915631590707426</controlfield>
    <controlfield tag="005">20221119131048.0</controlfield>
    <controlfield tag="008">200607e20180501xx |||||o|||||||||||eng||</controlfield>
    <datafield tag="016" ind1="7" ind2=" ">
      <subfield code="a">IND605930378</subfield>
      <subfield code="2">DNAL</subfield>
    </datafield>
    <datafield tag="024" ind1="7" ind2=" ">
      <subfield code="a">10.1016/j.agrformet.2018.02.001</subfield>
      <subfield code="2">doi</subfield>
    </datafield>
    <datafield tag="035" ind1=" " ind2=" ">
      <subfield code="a">agid:5930378-01nal_inst</subfield>
    </datafield>
    <datafield tag="040" ind1=" " ind2=" ">
      <subfield code="a">AGL</subfield>
      <subfield code="b">eng</subfield>
      <subfield code="c">AGL</subfield>
    </datafield>
    <datafield tag="100" ind1="1" ind2=" ">
      <subfield code="a">Ponocná, Tereza</subfield>
      <subfield code="e">author</subfield>
      <subfield code="u">Department of Physical Geography and Geoecology, Faculty of Science,
        Charles University, Albertov 6, 12843 Prague, Czech Republic</subfield>
    </datafield>
    <datafield tag="245" ind1="1" ind2="0">
      <subfield code="a">Deviations of treeline Norway spruce radial growth from summer temperatures
        in East-Central Europe</subfield>
    </datafield>
    <datafield tag="300" ind1=" " ind2=" ">
      <subfield code="a">p. 62-70.</subfield>
    </datafield>
    <datafield tag="520" ind1=" " ind2=" ">
      <subfield code="a">While some cold regions show evidence of recent decoupling of tree-ring
        growth from observed temperature rise, i.e. restricted growth increase, similar evidence
        from other regions is missing. Increasing or diminishing regional coherency in tree growth
        has also been observed over recent decades. The temporal and spatial extent of the
        abovementioned processes are poorly known and their drivers are not well understood.
        Pollution and changing climate have often been discussed as a cause of divergent or
        convergent growth patterns and deviations of growth from driving climatic variable. We
        compiled climatic records and robust tree-ring chronologies of treeline Picea abies covering
        1920–2010 for four regions in East-Central Europe (Czech Republic, Poland, Slovakia, 50°N,
        15–20°E) which experienced differing acid pollution loads. The divergence of these
        chronologies from Jun-Jul temperatures was compared with temperature and pollution trends.
        We found a period of low intra-regional growth coherency in the 1950s reflecting warmer,
        less temperature-limiting conditions and land use change. Highly coherent growth in the
        1930s, 1970s and 1980s was related to the strong environmental growth-limiting signals of
        short growing seasons and high acid pollution loads. In all regions, we identified periods
        with higher (1940–1960s) and lower (1970–1980s) growth than expected based on temperature.
        In the high-frequency domain, the effect of pollution on growth departure from temperature
        was limited and detectable exclusively in regions that were most impacted by pollution. In
        the low-frequency domain, the departures of growth from temperature were caused by combined
        effects of the changing seasonal window of tree growth sensitivity to climate and pollution
        load. These results highlight the need to recognize non-stationary noise in the relationship
        between temperature and tree growth.</subfield>
    </datafield>
    <datafield tag="592" ind1=" " ind2=" ">
      <subfield code="a">Publisher supplied data</subfield>
    </datafield>
    <datafield tag="593" ind1=" " ind2=" ">
      <subfield code="a">PubAg article</subfield>
    </datafield>
    <datafield tag="650" ind1=" " ind2="3">
      <subfield code="a">Picea abies</subfield>
    </datafield>
    <datafield tag="650" ind1=" " ind2="3">
      <subfield code="a">climate change</subfield>
    </datafield>
    <datafield tag="650" ind1=" " ind2="3">
      <subfield code="a">cold zones</subfield>
    </datafield>
    <datafield tag="650" ind1=" " ind2="3">
      <subfield code="a">growing season</subfield>
    </datafield>
    <datafield tag="650" ind1=" " ind2="3">
      <subfield code="a">growth rings</subfield>
    </datafield>
    <datafield tag="650" ind1=" " ind2="3">
      <subfield code="a">land use change</subfield>
    </datafield>
    <datafield tag="650" ind1=" " ind2="3">
      <subfield code="a">pollution load</subfield>
    </datafield>
    <datafield tag="650" ind1=" " ind2="3">
      <subfield code="a">summer</subfield>
    </datafield>
    <datafield tag="650" ind1=" " ind2="3">
      <subfield code="a">temperature</subfield>
    </datafield>
    <datafield tag="650" ind1=" " ind2="3">
      <subfield code="a">tree growth</subfield>
    </datafield>
    <datafield tag="650" ind1=" " ind2="3">
      <subfield code="a">treeline</subfield>
    </datafield>
    <datafield tag="651" ind1=" " ind2="3">
      <subfield code="a">Czech Republic</subfield>
    </datafield>
    <datafield tag="651" ind1=" " ind2="3">
      <subfield code="a">Poland</subfield>
    </datafield>
    <datafield tag="651" ind1=" " ind2="3">
      <subfield code="a">Slovakia</subfield>
    </datafield>
    <datafield tag="653" ind1=" " ind2="0">
      <subfield code="a">Tree-rings</subfield>
    </datafield>
    <datafield tag="653" ind1=" " ind2="0">
      <subfield code="a">Climate change</subfield>
    </datafield>
    <datafield tag="653" ind1=" " ind2="0">
      <subfield code="a">Picea abies</subfield>
    </datafield>
    <datafield tag="653" ind1=" " ind2="0">
      <subfield code="a">Pollution</subfield>
    </datafield>
    <datafield tag="653" ind1=" " ind2="0">
      <subfield code="a">Growth divergence</subfield>
    </datafield>
    <datafield tag="700" ind1="1" ind2=" ">
      <subfield code="a">Chuman, Tomáš</subfield>
      <subfield code="e">author</subfield>
      <subfield code="u">Department of Physical Geography and Geoecology, Faculty of Science,
        Charles University, Albertov 6, 12843 Prague, Czech Republic</subfield>
    </datafield>
    <datafield tag="700" ind1="1" ind2=" ">
      <subfield code="a">Rydval, Miloš</subfield>
      <subfield code="e">author</subfield>
      <subfield code="u">School of Earth and Environmental Sciences, University of St Andrews, St
        Andrews, UK</subfield>
    </datafield>
    <datafield tag="700" ind1="1" ind2=" ">
      <subfield code="a">Urban, Grzegorz</subfield>
      <subfield code="e">author</subfield>
      <subfield code="u">Institute of Meteorology and Water Management - National Research
        Institute, 01–673 Warsaw, Podleśna Street 61, Poland</subfield>
    </datafield>
    <datafield tag="700" ind1="1" ind2=" ">
      <subfield code="a">Migaɬa, Krzysztof</subfield>
      <subfield code="e">author</subfield>
      <subfield code="u">University of Wrocɬaw, Institute of Geography and Regional Development,
        Department of Climatology and Atmosphere Protection, pl. Uniwersytecki 1, 50–137 Wrocɬaw,
        Poland</subfield>
    </datafield>
    <datafield tag="700" ind1="1" ind2=" ">
      <subfield code="a">Treml, Václav</subfield>
      <subfield code="e">author</subfield>
      <subfield code="u">Department of Physical Geography and Geoecology, Faculty of Science,
        Charles University, Albertov 6, 12843 Prague, Czech Republic</subfield>
    </datafield>
    <datafield tag="773" ind1="0" ind2=" ">
      <subfield code="t">Agricultural and forest meteorology.</subfield>
      <subfield code="g">2018 May 01, v. 253-254 p.62-70</subfield>
      <subfield code="d">Elsevier B.V.</subfield>
      <subfield code="w">Journal:jnl43250</subfield>
      <subfield code="x">0168-1923</subfield>
      <subfield code="7">nnas</subfield>
    </datafield>
    <datafield tag="787" ind1="1" ind2=" ">
      <subfield code="o">islandora_article_repository</subfield>
    </datafield>
    <datafield tag="787" ind1="1" ind2=" ">
      <subfield code="o">product_pubag</subfield>
    </datafield>
    <datafield tag="787" ind1="1" ind2=" ">
      <subfield code="o">(Journal)jnl43250</subfield>
    </datafield>
    <datafield tag="856" ind1="4" ind2="0">
      <subfield code="u">https://dx.doi.org/10.1016/j.agrformet.2018.02.001</subfield>
      <subfield code="3">Available from publisher's site</subfield>
    </datafield>
    <datafield tag="912" ind1=" " ind2=" ">
      <subfield code="a">Article</subfield>
    </datafield>
    <datafield tag="914" ind1=" " ind2=" ">
      <subfield code="a">Journal:jnl43250</subfield>
      <subfield code="b">0168-1923</subfield>
      <subfield code="c">253-254</subfield>
      <subfield code="e">62</subfield>
    </datafield>
    <datafield tag="914" ind1=" " ind2=" ">
      <subfield code="f">Agricultural and forest meteorology</subfield>
    </datafield>
    <datafield tag="916" ind1=" " ind2=" ">
      <subfield code="a">Batch:1967</subfield>
    </datafield>
    <datafield tag="917" ind1=" " ind2=" ">
      <subfield code="a">issued</subfield>
    </datafield>
    <datafield tag="918" ind1="2" ind2=" ">
      <subfield code="a">Elsevier Consyn</subfield>
      <subfield code="e">provider</subfield>
      <subfield code="5">DNAL</subfield>
    </datafield>
    <datafield tag="935" ind1=" " ind2=" ">
      <subfield code="a">IND605930378</subfield>
      <subfield code="9">ExL</subfield>
    </datafield>
    <datafield tag="949" ind1=" " ind2=" ">
      <subfield code="a">2019-03-18</subfield>
    </datafield>
    <datafield tag="953" ind1=" " ind2=" ">
      <subfield code="a">/data/metadata/incoming/consyn/129819131518350931-00002-HEAD-ONLY-NEW
        CONSYN ISSNS.zip</subfield>
    </datafield>
    <datafield tag="954" ind1=" " ind2=" ">
      <subfield code="a">file:/data/metadata/staging/consyn/S0168192318300388.xml</subfield>
    </datafield>
    <datafield tag="955" ind1=" " ind2=" ">
      <subfield code="a">/data/metadata/staging/consyn/</subfield>
    </datafield>
    <datafield tag="974" ind1=" " ind2=" ">
      <subfield code="a">agid:5930378</subfield>
    </datafield>
    <datafield tag="983" ind1=" " ind2=" ">
      <subfield code="a">2020-06-07</subfield>
    </datafield>
    <datafield tag="984" ind1=" " ind2=" ">
      <subfield code="a">2020-06-07</subfield>
    </datafield>
  </record>