
  <record>
    <leader>05622nab a2200745 u 4500</leader>
    <controlfield tag="001">9915631677007426</controlfield>
    <controlfield tag="005">20221119131047.0</controlfield>
    <controlfield tag="008">191019e20171223xx |||||o|||||||||||eng||</controlfield>
    <datafield tag="016" ind1="7" ind2=" ">
      <subfield code="a">IND606738429</subfield>
      <subfield code="2">DNAL</subfield>
    </datafield>
    <datafield tag="024" ind1="7" ind2=" ">
      <subfield code="a">10.1093/jpe/rtx072</subfield>
      <subfield code="2">doi</subfield>
    </datafield>
    <datafield tag="035" ind1=" " ind2=" ">
      <subfield code="a">agid:6738429-01nal_inst</subfield>
    </datafield>
    <datafield tag="040" ind1=" " ind2=" ">
      <subfield code="a">AGL</subfield>
      <subfield code="b">eng</subfield>
      <subfield code="c">AGL</subfield>
    </datafield>
    <datafield tag="100" ind1="1" ind2=" ">
      <subfield code="a">Song, Xiaoyang</subfield>
      <subfield code="e">author</subfield>
      <subfield code="u">Key Laboratory of Tropical Forest Ecology, Xishuangbanna Tropical Botanical
        Garden, Chinese Academy of Sciences, Yunnan, China</subfield>
    </datafield>
    <datafield tag="245" ind1="1" ind2="0">
      <subfield code="a">Environmental and spatial contributions to seedling and adult tree assembly
        across tropical, subtropical and subalpine elevational gradients</subfield>
    </datafield>
    <datafield tag="300" ind1=" " ind2=" ">
      <subfield code="a">p. 103-112.</subfield>
    </datafield>
    <datafield tag="520" ind1=" " ind2=" ">
      <subfield code="a">Quantifying the relative importance of the mechanisms that drive community
        assembly in forests is a crucial issue in community ecology. The present study aims to
        understand the ways in which niche-based and spatially based processes influence community
        assembly in areas in different climatic conditions and how these processes change during the
        transition from seedling to adult. In this study, we investigated how taxonomic and
        phylogenetic beta diversity in seedling and adult stages of forest trees change across three
        elevational transects in tropical, subtropical and subalpine forests in Southwest China, and
        the relationships of these changes to the environment and inter-site distances. We
        quantified the relative contribution of environmental conditions and spatial distribution to
        taxonomic and phylogenetic beta diversity of both seedling and adult life stages along each
        elevational transect. We also quantified the taxonomic and phylogenetic similarity between
        seedlings and adult trees along elevations. Taxonomic and phylogenetic beta diversity of
        both seedlings and adult trees increased with an increase in both environmental distance and
        spatial distance in all three transects. On both taxonomic and phylogenetic levels, the
        effects of environmental filtering and spatial disposition varied between life stages and
        among forest types. Phylogenetic similarity between seedlings and adult trees increased with
        elevation, although the taxonomic similarity did not show clear elevational patterns. Our
        results suggest that the relative contribution of niche-based and space-based processes to
        taxonomic and phylogenetic assemblages varies across major plant life stages and among
        forest types. Our findings also highlight the importance of ontogenetic stages for fully
        understanding community assembly of long-lived tree species.</subfield>
    </datafield>
    <datafield tag="592" ind1=" " ind2=" ">
      <subfield code="a">Publisher supplied data</subfield>
    </datafield>
    <datafield tag="593" ind1=" " ind2=" ">
      <subfield code="a">PubAg article</subfield>
    </datafield>
    <datafield tag="596" ind1=" " ind2=" ">
      <subfield code="a">31400362</subfield>
      <subfield code="a">31670442</subfield>
      <subfield code="c">National Natural Science Foundation of China</subfield>
      <subfield code="d">https://doi.org/10.13039/501100001809</subfield>
    </datafield>
    <datafield tag="596" ind1=" " ind2=" ">
      <subfield code="a">2014CB954100</subfield>
      <subfield code="c">National Key Basic Research Program of China</subfield>
    </datafield>
    <datafield tag="596" ind1=" " ind2=" ">
      <subfield code="c">West Light Foundation of the Chinese Academy of Sciences</subfield>
    </datafield>
    <datafield tag="596" ind1=" " ind2=" ">
      <subfield code="a">2016352</subfield>
      <subfield code="c">Chinese Academy of Sciences Youth Innovation Promotion
        Association</subfield>
    </datafield>
    <datafield tag="596" ind1=" " ind2=" ">
      <subfield code="a">GJHZ1130</subfield>
      <subfield code="c">Queensland-Chinese Academy of Sciences Biotechnology Fund</subfield>
    </datafield>
    <datafield tag="596" ind1=" " ind2=" ">
      <subfield code="a">2014GA003</subfield>
      <subfield code="a">2013FB079</subfield>
      <subfield code="c">Applied Fundamental Research Foundation of Yunnan Province</subfield>
    </datafield>
    <datafield tag="650" ind1=" " ind2="3">
      <subfield code="a">adults</subfield>
    </datafield>
    <datafield tag="650" ind1=" " ind2="3">
      <subfield code="a">climatic factors</subfield>
    </datafield>
    <datafield tag="650" ind1=" " ind2="3">
      <subfield code="a">forest trees</subfield>
    </datafield>
    <datafield tag="650" ind1=" " ind2="3">
      <subfield code="a">forest types</subfield>
    </datafield>
    <datafield tag="650" ind1=" " ind2="3">
      <subfield code="a">mature plants</subfield>
    </datafield>
    <datafield tag="650" ind1=" " ind2="3">
      <subfield code="a">ontogeny</subfield>
    </datafield>
    <datafield tag="650" ind1=" " ind2="3">
      <subfield code="a">phylogeny</subfield>
    </datafield>
    <datafield tag="650" ind1=" " ind2="3">
      <subfield code="a">seedlings</subfield>
    </datafield>
    <datafield tag="650" ind1=" " ind2="3">
      <subfield code="a">species diversity</subfield>
    </datafield>
    <datafield tag="650" ind1=" " ind2="3">
      <subfield code="a">subalpine forests</subfield>
    </datafield>
    <datafield tag="651" ind1=" " ind2="3">
      <subfield code="a">China</subfield>
    </datafield>
    <datafield tag="653" ind1=" " ind2="0">
      <subfield code="a">beta diversity</subfield>
    </datafield>
    <datafield tag="653" ind1=" " ind2="0">
      <subfield code="a">dispersal limitation</subfield>
    </datafield>
    <datafield tag="653" ind1=" " ind2="0">
      <subfield code="a">environmental filtering</subfield>
    </datafield>
    <datafield tag="700" ind1="1" ind2=" ">
      <subfield code="a">Cao, Min</subfield>
      <subfield code="e">author</subfield>
      <subfield code="u">Key Laboratory of Tropical Forest Ecology, Xishuangbanna Tropical Botanical
        Garden, Chinese Academy of Sciences, Yunnan, China</subfield>
    </datafield>
    <datafield tag="700" ind1="1" ind2=" ">
      <subfield code="a">Kitching, Roger L</subfield>
      <subfield code="e">author</subfield>
      <subfield code="u">Griffith School of Environment and Environmental Futures Research
        Institute, Griffith University, Nathan, Brisbane QLD, Australia</subfield>
    </datafield>
    <datafield tag="700" ind1="1" ind2=" ">
      <subfield code="a">Tang, Yong</subfield>
      <subfield code="e">author</subfield>
      <subfield code="u">Key Laboratory of Tropical Forest Ecology, Xishuangbanna Tropical Botanical
        Garden, Chinese Academy of Sciences, Yunnan, China</subfield>
    </datafield>
    <datafield tag="700" ind1="1" ind2=" ">
      <subfield code="a">Sun, Zhenhua</subfield>
      <subfield code="e">author</subfield>
      <subfield code="u">Key Laboratory of Tropical Forest Ecology, Xishuangbanna Tropical Botanical
        Garden, Chinese Academy of Sciences, Yunnan, China</subfield>
    </datafield>
    <datafield tag="700" ind1="1" ind2=" ">
      <subfield code="a">Nakamura, Akihiro</subfield>
      <subfield code="e">author</subfield>
      <subfield code="u">Key Laboratory of Tropical Forest Ecology, Xishuangbanna Tropical Botanical
        Garden, Chinese Academy of Sciences, Yunnan, China</subfield>
    </datafield>
    <datafield tag="700" ind1="1" ind2=" ">
      <subfield code="a">Laidlaw, Melinda J</subfield>
      <subfield code="e">author</subfield>
      <subfield code="u">Department of Science, Information Technology and Innovation, Queensland
        Herbarium, Toowong, Queensland, Australia</subfield>
    </datafield>
    <datafield tag="700" ind1="1" ind2=" ">
      <subfield code="a">Yang, Jie</subfield>
      <subfield code="e">author</subfield>
      <subfield code="u">Key Laboratory of Tropical Forest Ecology, Xishuangbanna Tropical Botanical
        Garden, Chinese Academy of Sciences, Yunnan, China</subfield>
    </datafield>
    <datafield tag="773" ind1="0" ind2=" ">
      <subfield code="t">Journal of plant ecology.</subfield>
      <subfield code="g">2017 Dec. 23, v. 12, no. 1 p.103-112</subfield>
      <subfield code="d">Oxford University Press</subfield>
      <subfield code="w">Journal:J000000111</subfield>
      <subfield code="x">1752-993X</subfield>
      <subfield code="7">nnas</subfield>
    </datafield>
    <datafield tag="787" ind1="1" ind2=" ">
      <subfield code="o">islandora_article_repository</subfield>
    </datafield>
    <datafield tag="787" ind1="1" ind2=" ">
      <subfield code="o">product_pubag</subfield>
    </datafield>
    <datafield tag="787" ind1="1" ind2=" ">
      <subfield code="o">(Journal)J000000111</subfield>
    </datafield>
    <datafield tag="856" ind1="4" ind2="0">
      <subfield code="u">http://dx.doi.org/10.1093/jpe/rtx072</subfield>
      <subfield code="3">Available from publisher's site</subfield>
    </datafield>
    <datafield tag="912" ind1=" " ind2=" ">
      <subfield code="a">Article</subfield>
    </datafield>
    <datafield tag="914" ind1=" " ind2=" ">
      <subfield code="a">Journal:J000000111</subfield>
      <subfield code="b">1752-993X</subfield>
      <subfield code="c">12</subfield>
      <subfield code="d">1</subfield>
      <subfield code="e">103</subfield>
    </datafield>
    <datafield tag="914" ind1=" " ind2=" ">
      <subfield code="f">Journal of plant ecology</subfield>
    </datafield>
    <datafield tag="916" ind1=" " ind2=" ">
      <subfield code="a">Batch:2523</subfield>
    </datafield>
    <datafield tag="917" ind1=" " ind2=" ">
      <subfield code="a">issued</subfield>
    </datafield>
    <datafield tag="918" ind1="2" ind2=" ">
      <subfield code="a">Oxford University Press</subfield>
      <subfield code="e">provider</subfield>
      <subfield code="5">DNAL</subfield>
    </datafield>
    <datafield tag="935" ind1=" " ind2=" ">
      <subfield code="a">IND606738429</subfield>
      <subfield code="9">ExL</subfield>
    </datafield>
    <datafield tag="949" ind1=" " ind2=" ">
      <subfield code="a">2020-07-21</subfield>
    </datafield>
    <datafield tag="953" ind1=" " ind2=" ">
      <subfield code="a">/data/metadata/incoming/oxford/jpe12_1xml.zip</subfield>
    </datafield>
    <datafield tag="954" ind1=" " ind2=" ">
      <subfield code="a">file:/data/metadata/staging/oxford/rtx072.xml</subfield>
    </datafield>
    <datafield tag="955" ind1=" " ind2=" ">
      <subfield code="a">/data/metadata/staging/oxford/</subfield>
    </datafield>
    <datafield tag="962" ind1=" " ind2=" ">
      <subfield code="a">Batch:2523 reviewed on 2020-07-21T04:00:04Z</subfield>
    </datafield>
    <datafield tag="974" ind1=" " ind2=" ">
      <subfield code="a">agid:6738429</subfield>
    </datafield>
    <datafield tag="983" ind1=" " ind2=" ">
      <subfield code="a">2019-10-19</subfield>
    </datafield>
    <datafield tag="984" ind1=" " ind2=" ">
      <subfield code="a">2020-07-21</subfield>
    </datafield>
  </record>