
  <record>
    <leader>04466nab a2200637 u 4500</leader>
    <controlfield tag="001">9915631719007426</controlfield>
    <controlfield tag="005">20221119131532.0</controlfield>
    <controlfield tag="008">210929e202110 xx |||||o|||||||||||eng||</controlfield>
    <datafield tag="016" ind1="7" ind2=" ">
      <subfield code="a">IND607521173</subfield>
      <subfield code="2">DNAL</subfield>
    </datafield>
    <datafield tag="024" ind1="7" ind2=" ">
      <subfield code="a">10.1111/jbi.14220</subfield>
      <subfield code="2">doi</subfield>
    </datafield>
    <datafield tag="035" ind1=" " ind2=" ">
      <subfield code="a">agid:7521173-01nal_inst</subfield>
    </datafield>
    <datafield tag="040" ind1=" " ind2=" ">
      <subfield code="a">AGL</subfield>
      <subfield code="b">eng</subfield>
      <subfield code="c">AGL</subfield>
    </datafield>
    <datafield tag="100" ind1="1" ind2=" ">
      <subfield code="a">Sugiyama, Yoriko</subfield>
      <subfield code="e">author</subfield>
      <subfield code="u">Graduate School of Human and Environmental Studies, Kyoto University,
        Kyoto, Japan</subfield>
      <subfield code="1">https://orcid.org/0000-0002-8429-6413</subfield>
    </datafield>
    <datafield tag="245" ind1="1" ind2="4">
      <subfield code="a">The ectomycorrhizal fungal communities react differently to climatic,
        edaphic and spatial variables depending on their host species</subfield>
    </datafield>
    <datafield tag="300" ind1=" " ind2=" ">
      <subfield code="a">p. 2550-2561.</subfield>
    </datafield>
    <datafield tag="500" ind1=" " ind2=" ">
      <subfield code="a">JOURNAL ARTICLE</subfield>
    </datafield>
    <datafield tag="520" ind1=" " ind2=" ">
      <subfield code="a">AIM: Ectomycorrhizal (ECM) fungal community structures can vary across
        sites at a regional scale (&gt;1,000 km), affected by abiotic and biotic environments,
        dispersal abilities of the fungi, or ecological drift, even among forests of the same host
        tree species. The spatial patterns of such variation may differ among associated host
        species and their growth environments, but our knowledge about this remains limited. In the
        present study, we aimed to investigate whether the ECM fungal community structures (i.e.
        species richness and species composition) at the regional scale and their driving factors
        vary across hosts. LOCATION: Japan. TAXON: ECM fungi associated with Fagus crenata and
        Castanopsis sieboldii. METHODS: Using DNA metabarcoding of fine roots, the ECM fungal
        communities of 15 Fagus crenata forests across their distribution range were characterised.
        The resultant community structure of ECM fungi, as well as the relative effects of edaphic,
        climatic and spatial factors on community composition were compared with those of 12
        Castanopsis sieboldii forests investigated in a previous study. RESULTS: ECM fungal
        community composition differed between the two Fagaceae hosts. The spatial pattern of ECM
        fungal community composition also differed between hosts. Specifically, the spatial
        variation in community composition across sites was smaller in F. crenata forests than in C.
        sieboldii forests. The spatial pattern of ECM fungal communities of F. crenata forests was
        explained by climatic and edaphic factors, while that of C. sieboldii forests was explained
        by spatial and edaphic factors. MAIN CONCLUSIONS: On a regional scale in Japan, the spatial
        pattern of ECM fungal communities and its driving factors varied between two Fagaceae host
        species. Our results provide an example that the difference in associated host leads to the
        difference in environmental response among ECM fungal communities.</subfield>
    </datafield>
    <datafield tag="592" ind1=" " ind2=" ">
      <subfield code="a">Publisher supplied data</subfield>
    </datafield>
    <datafield tag="593" ind1=" " ind2=" ">
      <subfield code="a">PubAg article</subfield>
    </datafield>
    <datafield tag="596" ind1=" " ind2=" ">
      <subfield code="c">Kuromatsunai Biodiversity Conservation Research Grant</subfield>
    </datafield>
    <datafield tag="596" ind1=" " ind2=" ">
      <subfield code="c">Grants‐in‐Aid for Japan Society for the Promotion of Science
        Fellows</subfield>
    </datafield>
    <datafield tag="596" ind1=" " ind2=" ">
      <subfield code="c">Ichimura Foundation for New Technology</subfield>
    </datafield>
    <datafield tag="650" ind1=" " ind2="3">
      <subfield code="a">Castanopsis</subfield>
    </datafield>
    <datafield tag="650" ind1=" " ind2="3">
      <subfield code="a">DNA barcoding</subfield>
    </datafield>
    <datafield tag="650" ind1=" " ind2="3">
      <subfield code="a">Fagus crenata</subfield>
    </datafield>
    <datafield tag="650" ind1=" " ind2="3">
      <subfield code="a">Japan</subfield>
    </datafield>
    <datafield tag="650" ind1=" " ind2="3">
      <subfield code="a">biogeography</subfield>
    </datafield>
    <datafield tag="650" ind1=" " ind2="3">
      <subfield code="a">community structure</subfield>
    </datafield>
    <datafield tag="650" ind1=" " ind2="3">
      <subfield code="a">ectomycorrhizae</subfield>
    </datafield>
    <datafield tag="650" ind1=" " ind2="3">
      <subfield code="a">fungal communities</subfield>
    </datafield>
    <datafield tag="650" ind1=" " ind2="3">
      <subfield code="a">fungi</subfield>
    </datafield>
    <datafield tag="650" ind1=" " ind2="3">
      <subfield code="a">hosts</subfield>
    </datafield>
    <datafield tag="650" ind1=" " ind2="3">
      <subfield code="a">species richness</subfield>
    </datafield>
    <datafield tag="650" ind1=" " ind2="3">
      <subfield code="a">trees</subfield>
    </datafield>
    <datafield tag="700" ind1="1" ind2=" ">
      <subfield code="a">Matsuoka, Shunsuke</subfield>
      <subfield code="e">author</subfield>
      <subfield code="u">Graduate School of Simulation Studies, University of Hyogo, Kobe,
        Japan</subfield>
      <subfield code="1">https://orcid.org/0000-0002-3723-8800</subfield>
    </datafield>
    <datafield tag="700" ind1="1" ind2=" ">
      <subfield code="a">Osono, Takashi</subfield>
      <subfield code="e">author</subfield>
      <subfield code="u">Department of Environmental Systems Science, Faculty of Science and
        Engineering, Doshisha University, Kyoto, Japan</subfield>
    </datafield>
    <datafield tag="773" ind1="0" ind2=" ">
      <subfield code="t">Journal of biogeography.</subfield>
      <subfield code="g">2021 Oct., v. 48, no. 10 p.2550-2561</subfield>
      <subfield code="d">John Wiley &amp; Sons, Ltd</subfield>
      <subfield code="w">Journal:jnl9765</subfield>
      <subfield code="x">0305-0270</subfield>
      <subfield code="7">nnas</subfield>
    </datafield>
    <datafield tag="787" ind1="1" ind2=" ">
      <subfield code="o">islandora_article_repository</subfield>
    </datafield>
    <datafield tag="787" ind1="1" ind2=" ">
      <subfield code="o">product_pubag</subfield>
    </datafield>
    <datafield tag="787" ind1="1" ind2=" ">
      <subfield code="o">(Journal)jnl9765</subfield>
    </datafield>
    <datafield tag="856" ind1="4" ind2="0">
      <subfield code="u">http://dx.doi.org/10.1111/jbi.14220</subfield>
      <subfield code="3">Available from publisher's site</subfield>
    </datafield>
    <datafield tag="912" ind1=" " ind2=" ">
      <subfield code="a">Article</subfield>
    </datafield>
    <datafield tag="914" ind1=" " ind2=" ">
      <subfield code="a">Journal:jnl9765</subfield>
      <subfield code="b">0305-0270</subfield>
      <subfield code="c">48</subfield>
      <subfield code="d">10</subfield>
      <subfield code="e">2550</subfield>
    </datafield>
    <datafield tag="914" ind1=" " ind2=" ">
      <subfield code="f">Journal of biogeography</subfield>
    </datafield>
    <datafield tag="916" ind1=" " ind2=" ">
      <subfield code="a">Batch:10205</subfield>
    </datafield>
    <datafield tag="917" ind1=" " ind2=" ">
      <subfield code="a">issued</subfield>
    </datafield>
    <datafield tag="918" ind1="2" ind2=" ">
      <subfield code="a">John Wiley &amp; Sons, Inc</subfield>
      <subfield code="e">provider</subfield>
      <subfield code="5">DNAL</subfield>
    </datafield>
    <datafield tag="935" ind1=" " ind2=" ">
      <subfield code="a">IND607521173</subfield>
      <subfield code="9">ExL</subfield>
    </datafield>
    <datafield tag="949" ind1=" " ind2=" ">
      <subfield code="a">2022-02-23</subfield>
    </datafield>
    <datafield tag="952" ind1=" " ind2=" ">
      <subfield code="d">NAL-AP-2-clean</subfield>
    </datafield>
    <datafield tag="953" ind1=" " ind2=" ">
      <subfield code="a">/data/metadata/incoming/wiley/03050270_2021_48_10.xml</subfield>
    </datafield>
    <datafield tag="954" ind1=" " ind2=" ">
      <subfield code="a">file:/data/metadata/staging/wiley/03050270_2021_48_10.xml</subfield>
    </datafield>
    <datafield tag="955" ind1=" " ind2=" ">
      <subfield code="a">/data/metadata/staging/wiley/</subfield>
    </datafield>
    <datafield tag="974" ind1=" " ind2=" ">
      <subfield code="a">agid:7521173</subfield>
    </datafield>
    <datafield tag="983" ind1=" " ind2=" ">
      <subfield code="a">2021-09-29</subfield>
    </datafield>
    <datafield tag="984" ind1=" " ind2=" ">
      <subfield code="a">2022-02-18</subfield>
    </datafield>
  </record>