
  <record>
    <leader>04671nab a2200673 u 4500</leader>
    <controlfield tag="001">9915631875207426</controlfield>
    <controlfield tag="005">20221119131417.0</controlfield>
    <controlfield tag="008">211123e20180301xx |||||o|||||||||||eng||</controlfield>
    <datafield tag="016" ind1="7" ind2=" ">
      <subfield code="a">IND605913842</subfield>
      <subfield code="2">DNAL</subfield>
    </datafield>
    <datafield tag="024" ind1="7" ind2=" ">
      <subfield code="a">10.1016/j.foreco.2018.01.019</subfield>
      <subfield code="2">doi</subfield>
    </datafield>
    <datafield tag="035" ind1=" " ind2=" ">
      <subfield code="a">agid:5913842-01nal_inst</subfield>
    </datafield>
    <datafield tag="040" ind1=" " ind2=" ">
      <subfield code="a">AGL</subfield>
      <subfield code="b">eng</subfield>
      <subfield code="c">AGL</subfield>
    </datafield>
    <datafield tag="100" ind1="1" ind2=" ">
      <subfield code="a">Matonis, Megan Shanahan</subfield>
      <subfield code="e">author</subfield>
      <subfield code="u">Colorado State Forest Service, Colorado State University, 5060 Campus
        Delivery, Fort Collins, CO 80523, USA</subfield>
    </datafield>
    <datafield tag="245" ind1="1" ind2="0">
      <subfield code="a">Not just about the trees: Key role of mosaic-meadows in restoration of
        ponderosa pine ecosystems</subfield>
    </datafield>
    <datafield tag="300" ind1=" " ind2=" ">
      <subfield code="a">p. 120-131.</subfield>
    </datafield>
    <datafield tag="520" ind1=" " ind2=" ">
      <subfield code="a">Historical pre-settlement conditions in ponderosa pine ecosystems ranged
        from savannas (&lt;30% canopy cover) with contiguous grasslands and scattered tree groups,
        to forests with isolated mosaic-meadows surrounded by trees. We use the term mosaic-meadows
        for non-treed areas that weave around individual trees and tree groups, supporting diverse
        understory plant communities in ponderosa pine ecosystems. The long-term sustainability of
        ponderosa pine ecosystems may depend on mosaic-meadows that provide fine fuels and support
        frequent, low-severity fires. Increasing tree densities over the past century have
        eliminated mosaic-meadows and contiguous grasslands from many ponderosa pine landscapes. The
        link between restored ecosystem structure and function is often assumed but not empirically
        demonstrated, so we assessed the impact of mosaic-meadows (areas &gt; 6 m from overstory
        trees) on understory vegetation in five recently thinned ponderosa pine stands and one
        long-undisturbed stand in Colorado. We also compared historical spatial patterns in
        mosaic-meadows to current conditions in ponderosa pine stands and determined whether
        thinning treatments are recreating historical conditions. Mosaic-meadows in ponderosa pine
        ecosystems declined substantially from a mean of 55% of stand area in 1860–1875 to 7% in
        2010–2013 prior to tree thinning. The loss of mosaic-meadows has ecological consequences for
        the function of ponderosa pine ecosystems because spatial patterns of mosaic-meadows
        strongly influenced understory vegetation. At our sites, understory cover increased by 3%/m
        with distance from overstory trees, and understory richness increased from 6 species/m²
        within 1 m of overstory trees to 9 species/m² at 10 m away from overstory trees. Cover and
        richness of understory vegetation (especially native forbs) responded rapidly to creation of
        mosaic-meadows within 1 to 4 years after treatment. Thinning treatments at two stands
        brought the coverage of mosaic-meadows within the historical range of variation, but there
        was a noticeable lack of mosaic-meadows &gt;12 m from overstory trees at all treated stands.
        Restoration of the fundamental ecological characteristics of ponderosa pine ecosystems
        should intentionally include variably sized mosaic-meadows.</subfield>
    </datafield>
    <datafield tag="592" ind1=" " ind2=" ">
      <subfield code="a">Publisher supplied data</subfield>
    </datafield>
    <datafield tag="593" ind1=" " ind2=" ">
      <subfield code="a">PubAg article</subfield>
    </datafield>
    <datafield tag="650" ind1=" " ind2="3">
      <subfield code="a">Pinus ponderosa</subfield>
    </datafield>
    <datafield tag="650" ind1=" " ind2="3">
      <subfield code="a">canopy</subfield>
    </datafield>
    <datafield tag="650" ind1=" " ind2="3">
      <subfield code="a">ecosystems</subfield>
    </datafield>
    <datafield tag="650" ind1=" " ind2="3">
      <subfield code="a">environmental impact</subfield>
    </datafield>
    <datafield tag="650" ind1=" " ind2="3">
      <subfield code="a">fires</subfield>
    </datafield>
    <datafield tag="650" ind1=" " ind2="3">
      <subfield code="a">forbs</subfield>
    </datafield>
    <datafield tag="650" ind1=" " ind2="3">
      <subfield code="a">forests</subfield>
    </datafield>
    <datafield tag="650" ind1=" " ind2="3">
      <subfield code="a">fuels (fire ecology)</subfield>
    </datafield>
    <datafield tag="650" ind1=" " ind2="3">
      <subfield code="a">grasslands</subfield>
    </datafield>
    <datafield tag="650" ind1=" " ind2="3">
      <subfield code="a">landscapes</subfield>
    </datafield>
    <datafield tag="650" ind1=" " ind2="3">
      <subfield code="a">overstory</subfield>
    </datafield>
    <datafield tag="650" ind1=" " ind2="3">
      <subfield code="a">plant communities</subfield>
    </datafield>
    <datafield tag="650" ind1=" " ind2="3">
      <subfield code="a">savannas</subfield>
    </datafield>
    <datafield tag="650" ind1=" " ind2="3">
      <subfield code="a">trees</subfield>
    </datafield>
    <datafield tag="650" ind1=" " ind2="3">
      <subfield code="a">understory</subfield>
    </datafield>
    <datafield tag="651" ind1=" " ind2="3">
      <subfield code="a">Colorado</subfield>
    </datafield>
    <datafield tag="653" ind1=" " ind2="0">
      <subfield code="a">Ponderosa pine</subfield>
    </datafield>
    <datafield tag="653" ind1=" " ind2="0">
      <subfield code="a">Ecological restoration</subfield>
    </datafield>
    <datafield tag="653" ind1=" " ind2="0">
      <subfield code="a">Understory plants</subfield>
    </datafield>
    <datafield tag="653" ind1=" " ind2="0">
      <subfield code="a">Spatial patterns</subfield>
    </datafield>
    <datafield tag="653" ind1=" " ind2="0">
      <subfield code="a">Meadows</subfield>
    </datafield>
    <datafield tag="700" ind1="1" ind2=" ">
      <subfield code="a">Binkley, Dan</subfield>
      <subfield code="e">author</subfield>
      <subfield code="u">School of Forestry, Northern Arizona University, 200 East Pine Knoll Drive,
        Flagstaff, AZ 86011, USA</subfield>
    </datafield>
    <datafield tag="773" ind1="0" ind2=" ">
      <subfield code="t">Forest ecology and management.</subfield>
      <subfield code="g">2018 Mar. 01, v. 411 p.120-131</subfield>
      <subfield code="d">Elsevier B.V.</subfield>
      <subfield code="w">Journal:jnl9013</subfield>
      <subfield code="x">0378-1127</subfield>
      <subfield code="7">nnas</subfield>
    </datafield>
    <datafield tag="787" ind1="1" ind2=" ">
      <subfield code="o">islandora_article_repository</subfield>
    </datafield>
    <datafield tag="787" ind1="1" ind2=" ">
      <subfield code="o">product_pubag</subfield>
    </datafield>
    <datafield tag="787" ind1="1" ind2=" ">
      <subfield code="o">(Journal)jnl9013</subfield>
    </datafield>
    <datafield tag="856" ind1="4" ind2="0">
      <subfield code="u">https://dx.doi.org/10.1016/j.foreco.2018.01.019</subfield>
      <subfield code="3">Available from publisher's site</subfield>
    </datafield>
    <datafield tag="912" ind1=" " ind2=" ">
      <subfield code="a">Article</subfield>
    </datafield>
    <datafield tag="914" ind1=" " ind2=" ">
      <subfield code="a">Journal:jnl9013</subfield>
      <subfield code="b">0378-1127</subfield>
      <subfield code="c">411</subfield>
      <subfield code="e">120</subfield>
    </datafield>
    <datafield tag="914" ind1=" " ind2=" ">
      <subfield code="f">Forest ecology and management</subfield>
    </datafield>
    <datafield tag="916" ind1=" " ind2=" ">
      <subfield code="a">Batch:1961</subfield>
    </datafield>
    <datafield tag="917" ind1=" " ind2=" ">
      <subfield code="a">issued</subfield>
    </datafield>
    <datafield tag="918" ind1="2" ind2=" ">
      <subfield code="a">Elsevier Consyn</subfield>
      <subfield code="e">provider</subfield>
      <subfield code="5">DNAL</subfield>
    </datafield>
    <datafield tag="935" ind1=" " ind2=" ">
      <subfield code="a">IND605913842</subfield>
      <subfield code="9">ExL</subfield>
    </datafield>
    <datafield tag="949" ind1=" " ind2=" ">
      <subfield code="a">2019-05-16</subfield>
    </datafield>
    <datafield tag="953" ind1=" " ind2=" ">
      <subfield code="a">/data/metadata/incoming/consyn/103251080159451352-00003-HEAD-ONLY-NEW
        CONSYN ISSNS.zip</subfield>
    </datafield>
    <datafield tag="954" ind1=" " ind2=" ">
      <subfield code="a">file:/data/metadata/staging/consyn/S0378112717317000.xml</subfield>
    </datafield>
    <datafield tag="955" ind1=" " ind2=" ">
      <subfield code="a">/data/metadata/staging/consyn/</subfield>
    </datafield>
    <datafield tag="974" ind1=" " ind2=" ">
      <subfield code="a">agid:5913842</subfield>
    </datafield>
    <datafield tag="983" ind1=" " ind2=" ">
      <subfield code="a">2021-11-23</subfield>
    </datafield>
    <datafield tag="984" ind1=" " ind2=" ">
      <subfield code="a">2021-11-23</subfield>
    </datafield>
  </record>