
  <record>
    <leader>05259nab a2200601 u 4500</leader>
    <controlfield tag="001">9915631909107426</controlfield>
    <controlfield tag="005">20221119131315.0</controlfield>
    <controlfield tag="008">221005e202212 xx |||||o|||||||||||eng||</controlfield>
    <datafield tag="016" ind1="7" ind2=" ">
      <subfield code="a">IND607956953</subfield>
      <subfield code="2">DNAL</subfield>
    </datafield>
    <datafield tag="024" ind1="7" ind2=" ">
      <subfield code="a">10.1186/s13595-022-01161-9</subfield>
      <subfield code="2">doi</subfield>
    </datafield>
    <datafield tag="035" ind1=" " ind2=" ">
      <subfield code="a">agid:7956953-01nal_inst</subfield>
    </datafield>
    <datafield tag="040" ind1=" " ind2=" ">
      <subfield code="a">AGL</subfield>
      <subfield code="b">eng</subfield>
      <subfield code="c">AGL</subfield>
    </datafield>
    <datafield tag="100" ind1="1" ind2=" ">
      <subfield code="a">Fu, Yuanyuan</subfield>
      <subfield code="e">author</subfield>
      <subfield code="u">Key Laboratory of Regional Ecology and Environmental Change, School of
        Geography and Information Engineering, China University of Geosciences, Wuhan, 430074,
        China</subfield>
      <subfield code="1">https://orcid.org/0000-0002-1231-1311</subfield>
    </datafield>
    <datafield tag="245" ind1="1" ind2="0">
      <subfield code="a">Combining Weibull distribution and k-nearest neighbor imputation method to
        predict wall-to-wall tree lists for the entire forest region of Northeast China</subfield>
    </datafield>
    <datafield tag="300" ind1=" " ind2=" ">
      <subfield code="a">p. 42.</subfield>
    </datafield>
    <datafield tag="520" ind1=" " ind2=" ">
      <subfield code="a">KEY MESSAGE: We propose a coupled framework to combine the strengths of the
        Weibull function in modeling diameter distributions and the ability of the k-nearest
        neighbor (kNN) method to impute spatially continuous forest stand attributes for the
        prediction of wall-to-wall tree lists (lists of stems per hectare by species and diameter at
        breast height (DBH)) at regional scales. The tree lists of entire Northeast China’s forests
        predicted by the above framework reasonably reflect the species-specific tree density and
        diameter distributions. CONTEXT: Detailed tree lists provide information about forest stocks
        disaggregated by species and size classes, which are crucial for forest managers to
        accurately characterize the current forest stand state to formulate targeted forest
        management strategies. However, regional tree list information is still lacking due to
        limited forest inventory. AIMS: We aimed to develop a coupled framework to enable the
        prediction of wall-to-wall tree lists for the entire forest region of Northeast China, then
        analyze the species-specific diameter distributions and reveal the spatial patterns of tree
        density by species. METHODS: A two-parameter Weibull function was used to model the
        species-specific diameter distributions in the sample plots, and a maximum likelihood
        estimation (MLE) was used to predict the parameters of the Weibull distributions. The
        goodness-of-fit of the predicted species-specific Weibull diameter distributions in each
        plot was evaluated by Kolmogorov-Smirnov (KS) test and an error index. The kNN model was
        used to impute the pixel-level stand mean DBH. RESULTS: Weibull distribution accurately
        described the species-specific diameter distributions. The imputed stand mean DBH from the
        kNN model showed comparable accuracy with earlier studies. No difference was detected
        between predicted and observed tree lists, with a small error index (0.24–0.58) of diameter
        distributions by species. The fitted species-specific diameter distributions generally
        showed a right-skewed unimodal or reverse J-shaped pattern. CONCLUSION: Overall, the coupled
        framework developed in this study was well-suited for predicting the tree lists of large
        forested areas. Our results evidenced the spatial patterns and abundance of tree species in
        Northeast China and captured the forest regions affected by disturbances such as
        fire.</subfield>
    </datafield>
    <datafield tag="592" ind1=" " ind2=" ">
      <subfield code="a">Publisher supplied data</subfield>
    </datafield>
    <datafield tag="593" ind1=" " ind2=" ">
      <subfield code="a">PubAg article</subfield>
    </datafield>
    <datafield tag="596" ind1=" " ind2=" ">
      <subfield code="a">32101327</subfield>
      <subfield code="c">National Natural Science Foundation of China</subfield>
    </datafield>
    <datafield tag="596" ind1=" " ind2=" ">
      <subfield code="a">111-G1323522043</subfield>
      <subfield code="c">Fundamental Research Funds for the Central Universities, China University
        of Geosciences (Wuhan)</subfield>
    </datafield>
    <datafield tag="650" ind1=" " ind2="3">
      <subfield code="a">Weibull statistics</subfield>
    </datafield>
    <datafield tag="650" ind1=" " ind2="3">
      <subfield code="a">forest inventory</subfield>
    </datafield>
    <datafield tag="650" ind1=" " ind2="3">
      <subfield code="a">forest management</subfield>
    </datafield>
    <datafield tag="650" ind1=" " ind2="3">
      <subfield code="a">forest stands</subfield>
    </datafield>
    <datafield tag="650" ind1=" " ind2="3">
      <subfield code="a">forests</subfield>
    </datafield>
    <datafield tag="650" ind1=" " ind2="3">
      <subfield code="a">image analysis</subfield>
    </datafield>
    <datafield tag="650" ind1=" " ind2="3">
      <subfield code="a">models</subfield>
    </datafield>
    <datafield tag="650" ind1=" " ind2="3">
      <subfield code="a">prediction</subfield>
    </datafield>
    <datafield tag="650" ind1=" " ind2="3">
      <subfield code="a">tree and stand measurements</subfield>
    </datafield>
    <datafield tag="650" ind1=" " ind2="3">
      <subfield code="a">trees</subfield>
    </datafield>
    <datafield tag="651" ind1=" " ind2="3">
      <subfield code="a">China</subfield>
    </datafield>
    <datafield tag="700" ind1="1" ind2=" ">
      <subfield code="a">He, Hong S.</subfield>
      <subfield code="e">author</subfield>
      <subfield code="u">School of Natural Resources, University of Missouri, Columbia, MO, 65211,
        USA. heh@missouri.edu</subfield>
      <subfield code="1">https://orcid.org/0000-0002-3983-2512</subfield>
    </datafield>
    <datafield tag="700" ind1="1" ind2=" ">
      <subfield code="a">Wang, Shaoqiang</subfield>
      <subfield code="e">author</subfield>
      <subfield code="u">Key Laboratory of Regional Ecology and Environmental Change, School of
        Geography and Information Engineering, China University of Geosciences, Wuhan, 430074,
        China</subfield>
      <subfield code="1">https://orcid.org/0000-0002-4111-6689</subfield>
    </datafield>
    <datafield tag="700" ind1="1" ind2=" ">
      <subfield code="a">Wang, Lunche</subfield>
      <subfield code="e">author</subfield>
      <subfield code="u">Key Laboratory of Regional Ecology and Environmental Change, School of
        Geography and Information Engineering, China University of Geosciences, Wuhan, 430074,
        China</subfield>
      <subfield code="1">https://orcid.org/0000-0001-7783-5725</subfield>
    </datafield>
    <datafield tag="773" ind1="0" ind2=" ">
      <subfield code="t">Annals of forest science.</subfield>
      <subfield code="g">2022 Dec., v. 79, no. 1 p.42-42</subfield>
      <subfield code="d">Springer Paris</subfield>
      <subfield code="w">Journal:2137</subfield>
      <subfield code="x">1286-4560</subfield>
      <subfield code="7">nnas</subfield>
    </datafield>
    <datafield tag="787" ind1="1" ind2=" ">
      <subfield code="o">islandora_article_repository</subfield>
    </datafield>
    <datafield tag="787" ind1="1" ind2=" ">
      <subfield code="o">product_pubag</subfield>
    </datafield>
    <datafield tag="787" ind1="1" ind2=" ">
      <subfield code="o">(Journal)2137</subfield>
    </datafield>
    <datafield tag="856" ind1="4" ind2="0">
      <subfield code="u">https://dx.doi.org/10.1186/s13595-022-01161-9</subfield>
      <subfield code="3">Available from publisher's site</subfield>
    </datafield>
    <datafield tag="912" ind1=" " ind2=" ">
      <subfield code="a">Article</subfield>
    </datafield>
    <datafield tag="914" ind1=" " ind2=" ">
      <subfield code="a">Journal:2137</subfield>
      <subfield code="b">1286-4560</subfield>
      <subfield code="c">79</subfield>
      <subfield code="d">1</subfield>
      <subfield code="e">42</subfield>
    </datafield>
    <datafield tag="914" ind1=" " ind2=" ">
      <subfield code="f">Annals of forest science</subfield>
    </datafield>
    <datafield tag="917" ind1=" " ind2=" ">
      <subfield code="a">issued</subfield>
    </datafield>
    <datafield tag="918" ind1="2" ind2=" ">
      <subfield code="a">Springer</subfield>
      <subfield code="e">provider</subfield>
      <subfield code="5">DNAL</subfield>
    </datafield>
    <datafield tag="935" ind1=" " ind2=" ">
      <subfield code="a">IND607956953</subfield>
      <subfield code="9">ExL</subfield>
    </datafield>
    <datafield tag="949" ind1=" " ind2=" ">
      <subfield code="a">2022-10-05</subfield>
    </datafield>
    <datafield tag="952" ind1=" " ind2=" ">
      <subfield code="d">NAL-AP-2-clean</subfield>
    </datafield>
    <datafield tag="953" ind1=" " ind2=" ">
      <subfield code="a">/data/metadata/incoming/springer/ftp_PUB_22-10-05_05-22-01.zip</subfield>
    </datafield>
    <datafield tag="954" ind1=" " ind2=" ">
      <subfield code="a">file:/data/metadata/staging/springer/13595-79-1.xml</subfield>
    </datafield>
    <datafield tag="955" ind1=" " ind2=" ">
      <subfield code="a">/data/metadata/staging/springer/</subfield>
    </datafield>
    <datafield tag="974" ind1=" " ind2=" ">
      <subfield code="a">agid:7956953</subfield>
    </datafield>
    <datafield tag="983" ind1=" " ind2=" ">
      <subfield code="a">2022-10-05</subfield>
    </datafield>
    <datafield tag="984" ind1=" " ind2=" ">
      <subfield code="a">2022-10-05</subfield>
    </datafield>
  </record>