
  <record>
    <leader>03801nab a2200577 u 4500</leader>
    <controlfield tag="001">9915631982307426</controlfield>
    <controlfield tag="005">20221119131324.0</controlfield>
    <controlfield tag="008">221005e202210 xx |||||o|||||||||||eng||</controlfield>
    <datafield tag="016" ind1="7" ind2=" ">
      <subfield code="a">IND607956918</subfield>
      <subfield code="2">DNAL</subfield>
    </datafield>
    <datafield tag="024" ind1="7" ind2=" ">
      <subfield code="a">10.1134/S1062359022050132</subfield>
      <subfield code="2">doi</subfield>
    </datafield>
    <datafield tag="035" ind1=" " ind2=" ">
      <subfield code="a">agid:7956918-01nal_inst</subfield>
    </datafield>
    <datafield tag="040" ind1=" " ind2=" ">
      <subfield code="a">AGL</subfield>
      <subfield code="b">eng</subfield>
      <subfield code="c">AGL</subfield>
    </datafield>
    <datafield tag="100" ind1="1" ind2=" ">
      <subfield code="a">Mai-Phuong Pham, </subfield>
      <subfield code="e">author</subfield>
      <subfield code="u">Joint Russian-Vietnamese Tropical Research and Test Center (Vietnam–Russia
        Tropical Center), Hanoi, Cau Giay district, Vietnam</subfield>
    </datafield>
    <datafield tag="245" ind1="1" ind2="0">
      <subfield code="a">Spatial Distribution Patterns and Associations of Woody Plant Species in
        the Evergreen Broad-Leaved Forests in Central Vietnam</subfield>
    </datafield>
    <datafield tag="300" ind1=" " ind2=" ">
      <subfield code="a">p. 369-380.</subfield>
    </datafield>
    <datafield tag="520" ind1=" " ind2=" ">
      <subfield code="a">The present study was conducted to elucidate the underlying processes that
        have maintained and promoted the coexistence of tropical forest tree species. Three 1-ha
        study plots (100 × 100 m) were established in the evergreen broad-leaved forest in Pu Hoat
        Nature Reserve, Nghe An Province, Central Vietnam. Uni- and bivariate spatial analyses were
        performed using the Programita November 2018 software to analyze the spatial patterns and
        associations of the co-dominant species at a distance of 0–50 m. The results showed that
        spatial patterns of species were mostly aggregated at a small scale of r &lt; 15 m;
        randomness and regularity tend to increase at a large scale of r &gt; 15 m. The number of
        species pairs with independent association accounted for an extremely high proportion
        (75–90%); attraction and repulsion accounted for a lower proportion (5–12.5%). Spatial
        association patterns of co-dominant species in the stands were primarily independent or
        segregated at large scales of r &gt; 30 m. Processes such as limited seed dispersal, habitat
        heterogeneity, and density-dependent mortality adjusted the spatial distribution patterns
        and associations of the tree species in the study area.</subfield>
    </datafield>
    <datafield tag="592" ind1=" " ind2=" ">
      <subfield code="a">Publisher supplied data</subfield>
    </datafield>
    <datafield tag="593" ind1=" " ind2=" ">
      <subfield code="a">PubAg article</subfield>
    </datafield>
    <datafield tag="650" ind1=" " ind2="3">
      <subfield code="a">computer software</subfield>
    </datafield>
    <datafield tag="650" ind1=" " ind2="3">
      <subfield code="a">conservation areas</subfield>
    </datafield>
    <datafield tag="650" ind1=" " ind2="3">
      <subfield code="a">deciduous forests</subfield>
    </datafield>
    <datafield tag="650" ind1=" " ind2="3">
      <subfield code="a">forest trees</subfield>
    </datafield>
    <datafield tag="650" ind1=" " ind2="3">
      <subfield code="a">habitats</subfield>
    </datafield>
    <datafield tag="650" ind1=" " ind2="3">
      <subfield code="a">mortality</subfield>
    </datafield>
    <datafield tag="650" ind1=" " ind2="3">
      <subfield code="a">seed dispersal</subfield>
    </datafield>
    <datafield tag="650" ind1=" " ind2="3">
      <subfield code="a">tropical forests</subfield>
    </datafield>
    <datafield tag="650" ind1=" " ind2="3">
      <subfield code="a">woody plants</subfield>
    </datafield>
    <datafield tag="651" ind1=" " ind2="3">
      <subfield code="a">Vietnam</subfield>
    </datafield>
    <datafield tag="700" ind1="1" ind2=" ">
      <subfield code="a">Nguyen, Van Quy</subfield>
      <subfield code="e">author</subfield>
      <subfield code="u">Department of Forest Inventory and Planning, Faculty of Silviculture,
        Vietnam Forestry University, Dong Nai Campus, Vietnam. quyforest@vnuf2.edu.vn</subfield>
    </datafield>
    <datafield tag="700" ind1="1" ind2=" ">
      <subfield code="a">Nguyen, Huong T. M.</subfield>
      <subfield code="e">author</subfield>
      <subfield code="u">University of Economics and Business—Vietnam National University, Hanoi,
        Vietnam</subfield>
    </datafield>
    <datafield tag="700" ind1="1" ind2=" ">
      <subfield code="a">Nguyen, Thanh Tuan</subfield>
      <subfield code="e">author</subfield>
      <subfield code="u">Department of Forest Inventory and Planning, Faculty of Silviculture,
        Vietnam Forestry University, Dong Nai Campus, Vietnam</subfield>
    </datafield>
    <datafield tag="700" ind1="1" ind2=" ">
      <subfield code="a">Pham, Thanh Ha</subfield>
      <subfield code="e">author</subfield>
      <subfield code="u">Vietnam National University of Forestry, Hanoi, Xuan Mai, Chuong My,
        Vietnam</subfield>
    </datafield>
    <datafield tag="773" ind1="0" ind2=" ">
      <subfield code="t">Biology bulletin of the Russian Academy of Sciences.</subfield>
      <subfield code="g">2022 Oct., v. 49, no. 5 p.369-380</subfield>
      <subfield code="d">Pleiades Publishing</subfield>
      <subfield code="w">Journal:jnl4237766</subfield>
      <subfield code="x">1062-3590</subfield>
      <subfield code="7">nnas</subfield>
    </datafield>
    <datafield tag="787" ind1="1" ind2=" ">
      <subfield code="o">islandora_article_repository</subfield>
    </datafield>
    <datafield tag="787" ind1="1" ind2=" ">
      <subfield code="o">product_pubag</subfield>
    </datafield>
    <datafield tag="787" ind1="1" ind2=" ">
      <subfield code="o">(Journal)jnl4237766</subfield>
    </datafield>
    <datafield tag="856" ind1="4" ind2="0">
      <subfield code="u">https://dx.doi.org/10.1134/S1062359022050132</subfield>
      <subfield code="3">Available from publisher's site</subfield>
    </datafield>
    <datafield tag="912" ind1=" " ind2=" ">
      <subfield code="a">Article</subfield>
    </datafield>
    <datafield tag="914" ind1=" " ind2=" ">
      <subfield code="a">Journal:jnl4237766</subfield>
      <subfield code="b">1062-3590</subfield>
      <subfield code="c">49</subfield>
      <subfield code="d">5</subfield>
      <subfield code="e">369</subfield>
    </datafield>
    <datafield tag="914" ind1=" " ind2=" ">
      <subfield code="f">Biology bulletin of the Russian Academy of Sciences</subfield>
    </datafield>
    <datafield tag="917" ind1=" " ind2=" ">
      <subfield code="a">issued</subfield>
    </datafield>
    <datafield tag="918" ind1="2" ind2=" ">
      <subfield code="a">Springer</subfield>
      <subfield code="e">provider</subfield>
      <subfield code="5">DNAL</subfield>
    </datafield>
    <datafield tag="935" ind1=" " ind2=" ">
      <subfield code="a">IND607956918</subfield>
      <subfield code="9">ExL</subfield>
    </datafield>
    <datafield tag="949" ind1=" " ind2=" ">
      <subfield code="a">2022-10-05</subfield>
    </datafield>
    <datafield tag="952" ind1=" " ind2=" ">
      <subfield code="d">NAL-AP-2-clean</subfield>
    </datafield>
    <datafield tag="953" ind1=" " ind2=" ">
      <subfield code="a">/data/metadata/incoming/springer/ftp_PUB_22-10-05_05-22-01.zip</subfield>
    </datafield>
    <datafield tag="954" ind1=" " ind2=" ">
      <subfield code="a">file:/data/metadata/staging/springer/10525-49-5.xml</subfield>
    </datafield>
    <datafield tag="955" ind1=" " ind2=" ">
      <subfield code="a">/data/metadata/staging/springer/</subfield>
    </datafield>
    <datafield tag="974" ind1=" " ind2=" ">
      <subfield code="a">agid:7956918</subfield>
    </datafield>
    <datafield tag="983" ind1=" " ind2=" ">
      <subfield code="a">2022-10-05</subfield>
    </datafield>
    <datafield tag="984" ind1=" " ind2=" ">
      <subfield code="a">2022-10-05</subfield>
    </datafield>
  </record>