
  <record>
    <leader>04586nab a2200649 u 4500</leader>
    <controlfield tag="001">9915632021607426</controlfield>
    <controlfield tag="005">20221119131027.0</controlfield>
    <controlfield tag="008">211123e20180301xx |||||o|||||||||||eng||</controlfield>
    <datafield tag="016" ind1="7" ind2=" ">
      <subfield code="a">IND605913824</subfield>
      <subfield code="2">DNAL</subfield>
    </datafield>
    <datafield tag="024" ind1="7" ind2=" ">
      <subfield code="a">10.1016/j.foreco.2018.01.023</subfield>
      <subfield code="2">doi</subfield>
    </datafield>
    <datafield tag="035" ind1=" " ind2=" ">
      <subfield code="a">agid:5913824-01nal_inst</subfield>
    </datafield>
    <datafield tag="040" ind1=" " ind2=" ">
      <subfield code="a">AGL</subfield>
      <subfield code="b">eng</subfield>
      <subfield code="c">AGL</subfield>
    </datafield>
    <datafield tag="100" ind1="1" ind2=" ">
      <subfield code="a">Omelko, Alexander</subfield>
      <subfield code="e">author</subfield>
      <subfield code="u">Federal Scientific Center of the East Asia Terrestrial Biodiversity FEB
        RAS, 100 let Vladivostoku Str. 159, Vladivostok 690022, Russia</subfield>
    </datafield>
    <datafield tag="245" ind1="1" ind2="0">
      <subfield code="a">From young to adult trees: How spatial patterns of plants with different
        life strategies change during age development in an old-growth Korean pine-broadleaved
        forest</subfield>
    </datafield>
    <datafield tag="300" ind1=" " ind2=" ">
      <subfield code="a">p. 46-66.</subfield>
    </datafield>
    <datafield tag="520" ind1=" " ind2=" ">
      <subfield code="a">We used point pattern analysis (pair-correlation function, K2 function,
        distance to kth neighbor Dₖ, and spherical contact distribution function Hₛ) to describe the
        process of plant pattern formation for five dominant tree species with different life
        strategies in a mixed-forest stand with Korean pine (Pinus koraiensis Sieb. et. Zucc.) in
        the southern part of the Sikhote-Alin mountain range (southeastern Russia). We subdivided
        each species pattern using an ontogenetic classification of individuals: immature, virginal,
        and generative. We also analyzed stump pattern structure, which marks canopy gap formation
        locations in recent decades. We also studied the shade tolerance changes of pre-generative
        plants during their development. As a result, we found similarities between the processes of
        pattern transformation for the different species. Namely, they transform from pronounced
        aggregated distributions of plants at several spatial scales (immature plants) to a random
        pattern (middle-aged and old generative plants). This transformation of pattern structure
        occurs because the immature plants accumulate under a canopy and require significantly
        improved light conditions that can only be found in gaps to transition into the virginal and
        young-generative stage. In turn, the process of gap formation is stochastic, and the stand
        is characterized by a low-intensity disturbance regime. Thus, the pre-generative plant
        patterns are filtered by randomly formed gaps, and thus only individual randomly distributed
        plants reach the middle-aged and old generative ontogenetic states.</subfield>
    </datafield>
    <datafield tag="592" ind1=" " ind2=" ">
      <subfield code="a">Publisher supplied data</subfield>
    </datafield>
    <datafield tag="593" ind1=" " ind2=" ">
      <subfield code="a">PubAg article</subfield>
    </datafield>
    <datafield tag="650" ind1=" " ind2="3">
      <subfield code="a">Pinus koraiensis</subfield>
    </datafield>
    <datafield tag="650" ind1=" " ind2="3">
      <subfield code="a">canopy gaps</subfield>
    </datafield>
    <datafield tag="650" ind1=" " ind2="3">
      <subfield code="a">mature plants</subfield>
    </datafield>
    <datafield tag="650" ind1=" " ind2="3">
      <subfield code="a">mountains</subfield>
    </datafield>
    <datafield tag="650" ind1=" " ind2="3">
      <subfield code="a">old-growth forests</subfield>
    </datafield>
    <datafield tag="650" ind1=" " ind2="3">
      <subfield code="a">ontogeny</subfield>
    </datafield>
    <datafield tag="650" ind1=" " ind2="3">
      <subfield code="a">shade tolerance</subfield>
    </datafield>
    <datafield tag="650" ind1=" " ind2="3">
      <subfield code="a">trees</subfield>
    </datafield>
    <datafield tag="651" ind1=" " ind2="3">
      <subfield code="a">Russia</subfield>
    </datafield>
    <datafield tag="653" ind1=" " ind2="0">
      <subfield code="a">Point pattern</subfield>
    </datafield>
    <datafield tag="653" ind1=" " ind2="0">
      <subfield code="a">Recruits</subfield>
    </datafield>
    <datafield tag="653" ind1=" " ind2="0">
      <subfield code="a">Old-growth</subfield>
    </datafield>
    <datafield tag="653" ind1=" " ind2="0">
      <subfield code="a">Life strategy</subfield>
    </datafield>
    <datafield tag="653" ind1=" " ind2="0">
      <subfield code="a">Korean pine</subfield>
    </datafield>
    <datafield tag="653" ind1=" " ind2="0">
      <subfield code="a">Temperate forest</subfield>
    </datafield>
    <datafield tag="700" ind1="1" ind2=" ">
      <subfield code="a">Ukhvatkina, Olga</subfield>
      <subfield code="e">author</subfield>
      <subfield code="u">Federal Scientific Center of the East Asia Terrestrial Biodiversity FEB
        RAS, 100 let Vladivostoku Str. 159, Vladivostok 690022, Russia</subfield>
    </datafield>
    <datafield tag="700" ind1="1" ind2=" ">
      <subfield code="a">Zhmerenetsky, Alexander</subfield>
      <subfield code="e">author</subfield>
      <subfield code="u">Federal Scientific Center of the East Asia Terrestrial Biodiversity FEB
        RAS, 100 let Vladivostoku Str. 159, Vladivostok 690022, Russia</subfield>
    </datafield>
    <datafield tag="700" ind1="1" ind2=" ">
      <subfield code="a">Sibirina, Lidiya</subfield>
      <subfield code="e">author</subfield>
      <subfield code="u">Federal Scientific Center of the East Asia Terrestrial Biodiversity FEB
        RAS, 100 let Vladivostoku Str. 159, Vladivostok 690022, Russia</subfield>
    </datafield>
    <datafield tag="700" ind1="1" ind2=" ">
      <subfield code="a">Petrenko, Tatyana</subfield>
      <subfield code="e">author</subfield>
      <subfield code="u">Federal Scientific Center of the East Asia Terrestrial Biodiversity FEB
        RAS, 100 let Vladivostoku Str. 159, Vladivostok 690022, Russia</subfield>
    </datafield>
    <datafield tag="700" ind1="1" ind2=" ">
      <subfield code="a">Bobrovsky, Maxim</subfield>
      <subfield code="e">author</subfield>
      <subfield code="u">Institute of Physicochemical and Biological Problems of Soil Science,
        Institutskaya Str., 2, Pushino 142290, Russia</subfield>
    </datafield>
    <datafield tag="773" ind1="0" ind2=" ">
      <subfield code="t">Forest ecology and management.</subfield>
      <subfield code="g">2018 Mar. 01, v. 411 p.46-66</subfield>
      <subfield code="d">Elsevier B.V.</subfield>
      <subfield code="w">Journal:jnl9013</subfield>
      <subfield code="x">0378-1127</subfield>
      <subfield code="7">nnas</subfield>
    </datafield>
    <datafield tag="787" ind1="1" ind2=" ">
      <subfield code="o">islandora_article_repository</subfield>
    </datafield>
    <datafield tag="787" ind1="1" ind2=" ">
      <subfield code="o">product_pubag</subfield>
    </datafield>
    <datafield tag="787" ind1="1" ind2=" ">
      <subfield code="o">(Journal)jnl9013</subfield>
    </datafield>
    <datafield tag="856" ind1="4" ind2="0">
      <subfield code="u">https://dx.doi.org/10.1016/j.foreco.2018.01.023</subfield>
      <subfield code="3">Available from publisher's site</subfield>
    </datafield>
    <datafield tag="912" ind1=" " ind2=" ">
      <subfield code="a">Article</subfield>
    </datafield>
    <datafield tag="914" ind1=" " ind2=" ">
      <subfield code="a">Journal:jnl9013</subfield>
      <subfield code="b">0378-1127</subfield>
      <subfield code="c">411</subfield>
      <subfield code="e">46</subfield>
    </datafield>
    <datafield tag="914" ind1=" " ind2=" ">
      <subfield code="f">Forest ecology and management</subfield>
    </datafield>
    <datafield tag="916" ind1=" " ind2=" ">
      <subfield code="a">Batch:1961</subfield>
    </datafield>
    <datafield tag="917" ind1=" " ind2=" ">
      <subfield code="a">issued</subfield>
    </datafield>
    <datafield tag="918" ind1="2" ind2=" ">
      <subfield code="a">Elsevier Consyn</subfield>
      <subfield code="e">provider</subfield>
      <subfield code="5">DNAL</subfield>
    </datafield>
    <datafield tag="935" ind1=" " ind2=" ">
      <subfield code="a">IND605913824</subfield>
      <subfield code="9">ExL</subfield>
    </datafield>
    <datafield tag="949" ind1=" " ind2=" ">
      <subfield code="a">2019-05-16</subfield>
    </datafield>
    <datafield tag="953" ind1=" " ind2=" ">
      <subfield code="a">/data/metadata/incoming/consyn/103251080159451352-00003-HEAD-ONLY-NEW
        CONSYN ISSNS.zip</subfield>
    </datafield>
    <datafield tag="954" ind1=" " ind2=" ">
      <subfield code="a">file:/data/metadata/staging/consyn/S0378112717315657.xml</subfield>
    </datafield>
    <datafield tag="955" ind1=" " ind2=" ">
      <subfield code="a">/data/metadata/staging/consyn/</subfield>
    </datafield>
    <datafield tag="974" ind1=" " ind2=" ">
      <subfield code="a">agid:5913824</subfield>
    </datafield>
    <datafield tag="983" ind1=" " ind2=" ">
      <subfield code="a">2021-11-23</subfield>
    </datafield>
    <datafield tag="984" ind1=" " ind2=" ">
      <subfield code="a">2021-11-23</subfield>
    </datafield>
  </record>