
  <record>
    <leader>05183nab a2200745 u 4500</leader>
    <controlfield tag="001">9915632041607426</controlfield>
    <controlfield tag="005">20221119131402.0</controlfield>
    <controlfield tag="008">191019e20190101xx |||||o|||||||||||eng||</controlfield>
    <datafield tag="016" ind1="7" ind2=" ">
      <subfield code="a">IND606738595</subfield>
      <subfield code="2">DNAL</subfield>
    </datafield>
    <datafield tag="024" ind1="7" ind2=" ">
      <subfield code="a">10.1093/sysbio/syy049</subfield>
      <subfield code="2">doi</subfield>
    </datafield>
    <datafield tag="035" ind1=" " ind2=" ">
      <subfield code="a">agid:6738595-01nal_inst</subfield>
    </datafield>
    <datafield tag="040" ind1=" " ind2=" ">
      <subfield code="a">AGL</subfield>
      <subfield code="b">eng</subfield>
      <subfield code="c">AGL</subfield>
    </datafield>
    <datafield tag="100" ind1="1" ind2=" ">
      <subfield code="a">Costa, Carolina L N</subfield>
      <subfield code="e">author</subfield>
      <subfield code="u">Instituto de Física ‘Gleb Wataghin’, Universidade Estadual de Campinas,
        Unicamp, 13083-970 Campinas, SP, Brazil</subfield>
    </datafield>
    <datafield tag="245" ind1="1" ind2="0">
      <subfield code="a">Signatures of Microevolutionary Processes in Phylogenetic
        Patterns</subfield>
    </datafield>
    <datafield tag="300" ind1=" " ind2=" ">
      <subfield code="a">p. 131-144.</subfield>
    </datafield>
    <datafield tag="520" ind1=" " ind2=" ">
      <subfield code="a">Phylogenetic trees are representations of evolutionary relationships among
        species and contain signatures of the processes responsible for the speciation events they
        display. Inferring processes from tree properties, however, is challenging. To address this
        problem, we analyzed a spatially-explicit model of speciation where genome size and mating
        range can be controlled. We simulated parapatric and sympatric (narrow and wide mating
        range, respectively) radiations and constructed their phylogenetic trees, computing
        structural properties such as tree balance and speed of diversification. We showed that
        parapatric and sympatric speciation are well separated by these structural tree properties.
        Balanced trees with constant rates of diversification only originate in sympatry and genome
        size affected both the balance and the speed of diversification of the simulated trees.
        Comparison with empirical data showed that most of the evolutionary radiations considered to
        have developed in parapatry or sympatry are in good agreement with model predictions. Even
        though additional forces other than spatial restriction of gene flow, genome size, and
        genetic incompatibilities, do play a role in the evolution of species formation, the
        microevolutionary processes modeled here capture signatures of the diversification pattern
        of evolutionary radiations, regarding the symmetry and speed of diversification of
        lineages.</subfield>
    </datafield>
    <datafield tag="592" ind1=" " ind2=" ">
      <subfield code="a">Publisher supplied data</subfield>
    </datafield>
    <datafield tag="593" ind1=" " ind2=" ">
      <subfield code="a">PubAg article</subfield>
    </datafield>
    <datafield tag="596" ind1=" " ind2=" ">
      <subfield code="a">#302049/2015-0</subfield>
      <subfield code="a">#2016/06054-3</subfield>
      <subfield code="c">Brazilian agencies: Capes</subfield>
    </datafield>
    <datafield tag="596" ind1=" " ind2=" ">
      <subfield code="a">#2016/01343-7</subfield>
      <subfield code="c">São Paulo Research Foundation</subfield>
    </datafield>
    <datafield tag="596" ind1=" " ind2=" ">
      <subfield code="a">#2015/11985-3</subfield>
      <subfield code="c">FMDM</subfield>
    </datafield>
    <datafield tag="596" ind1=" " ind2=" ">
      <subfield code="a">#2014/10470-7</subfield>
      <subfield code="c">ABM</subfield>
      <subfield code="d">https://doi.org/10.13039/501100002356</subfield>
    </datafield>
    <datafield tag="596" ind1=" " ind2=" ">
      <subfield code="a">#2015/26989-4</subfield>
      <subfield code="c">LDF</subfield>
      <subfield code="d">https://doi.org/10.13039/501100000652</subfield>
    </datafield>
    <datafield tag="596" ind1=" " ind2=" ">
      <subfield code="a">#152885/2016-1</subfield>
      <subfield code="c">MFR</subfield>
      <subfield code="d">https://doi.org/10.13039/501100006310</subfield>
    </datafield>
    <datafield tag="650" ind1=" " ind2="3">
      <subfield code="a">evolutionary radiation</subfield>
    </datafield>
    <datafield tag="650" ind1=" " ind2="3">
      <subfield code="a">gene flow</subfield>
    </datafield>
    <datafield tag="650" ind1=" " ind2="3">
      <subfield code="a">genome</subfield>
    </datafield>
    <datafield tag="650" ind1=" " ind2="3">
      <subfield code="a">phylogeny</subfield>
    </datafield>
    <datafield tag="650" ind1=" " ind2="3">
      <subfield code="a">prediction</subfield>
    </datafield>
    <datafield tag="650" ind1=" " ind2="3">
      <subfield code="a">simulation models</subfield>
    </datafield>
    <datafield tag="650" ind1=" " ind2="3">
      <subfield code="a">sympatric speciation</subfield>
    </datafield>
    <datafield tag="650" ind1=" " ind2="3">
      <subfield code="a">sympatry</subfield>
    </datafield>
    <datafield tag="650" ind1=" " ind2="3">
      <subfield code="a">trees</subfield>
    </datafield>
    <datafield tag="653" ind1=" " ind2="0">
      <subfield code="a">Diversification rates</subfield>
    </datafield>
    <datafield tag="653" ind1=" " ind2="0">
      <subfield code="a">individual-based model</subfield>
    </datafield>
    <datafield tag="653" ind1=" " ind2="0">
      <subfield code="a">parapatry</subfield>
    </datafield>
    <datafield tag="653" ind1=" " ind2="0">
      <subfield code="a">speciation</subfield>
    </datafield>
    <datafield tag="700" ind1="1" ind2=" ">
      <subfield code="a">Lemos-Costa, Paula</subfield>
      <subfield code="e">author</subfield>
      <subfield code="u">Instituto de Física ‘Gleb Wataghin’, Universidade Estadual de Campinas,
        Unicamp, 13083-970 Campinas, SP, Brazil</subfield>
    </datafield>
    <datafield tag="700" ind1="1" ind2=" ">
      <subfield code="a">Marquitti, Flavia M D</subfield>
      <subfield code="e">author</subfield>
      <subfield code="u">Instituto de Física ‘Gleb Wataghin’, Universidade Estadual de Campinas,
        Unicamp, 13083-970 Campinas, SP, Brazil</subfield>
    </datafield>
    <datafield tag="700" ind1="1" ind2=" ">
      <subfield code="a">Fernandes, Lucas D</subfield>
      <subfield code="e">author</subfield>
      <subfield code="u">Departamento de Entomologia e Acarologia, Escola Superior de Agricultura
        Luiz de Queiroz, Universidade de São Paulo, 13418-900 Piracicaba, SP, Brazil</subfield>
    </datafield>
    <datafield tag="700" ind1="1" ind2=" ">
      <subfield code="a">Ramos, Marlon F</subfield>
      <subfield code="e">author</subfield>
      <subfield code="u">Instituto de Física ‘Gleb Wataghin’, Universidade Estadual de Campinas,
        Unicamp, 13083-970 Campinas, SP, Brazil</subfield>
    </datafield>
    <datafield tag="700" ind1="1" ind2=" ">
      <subfield code="a">Schneider, David M</subfield>
      <subfield code="e">author</subfield>
      <subfield code="u">Instituto de Física ‘Gleb Wataghin’, Universidade Estadual de Campinas,
        Unicamp, 13083-970 Campinas, SP, Brazil</subfield>
    </datafield>
    <datafield tag="700" ind1="1" ind2=" ">
      <subfield code="a">Martins, Ayana B</subfield>
      <subfield code="e">author</subfield>
      <subfield code="u">Instituto de Física ‘Gleb Wataghin’, Universidade Estadual de Campinas,
        Unicamp, 13083-970 Campinas, SP, Brazil</subfield>
    </datafield>
    <datafield tag="700" ind1="1" ind2=" ">
      <subfield code="a">de Aguiar, Marcus A M</subfield>
      <subfield code="e">author</subfield>
      <subfield code="u">Instituto de Física ‘Gleb Wataghin’, Universidade Estadual de Campinas,
        Unicamp, 13083-970 Campinas, SP, Brazil</subfield>
    </datafield>
    <datafield tag="700" ind1="1" ind2=" ">
      <subfield code="a">Smith, Stephen</subfield>
      <subfield code="e">author</subfield>
      <subfield code="u">Instituto de Física ‘Gleb Wataghin’, Universidade Estadual de Campinas,
        Unicamp, 13083-970 Campinas, SP, Brazil</subfield>
    </datafield>
    <datafield tag="773" ind1="0" ind2=" ">
      <subfield code="t">Systematic biology.</subfield>
      <subfield code="g">2019 Jan. 01, v. 68, no. 1 p.131-144</subfield>
      <subfield code="d">Oxford University Press</subfield>
      <subfield code="w">Journal:jnl4357890</subfield>
      <subfield code="x">1076-836X</subfield>
      <subfield code="7">nnas</subfield>
    </datafield>
    <datafield tag="787" ind1="1" ind2=" ">
      <subfield code="o">islandora_article_repository</subfield>
    </datafield>
    <datafield tag="787" ind1="1" ind2=" ">
      <subfield code="o">product_pubag</subfield>
    </datafield>
    <datafield tag="787" ind1="1" ind2=" ">
      <subfield code="o">(Journal)jnl4357890</subfield>
    </datafield>
    <datafield tag="856" ind1="4" ind2="0">
      <subfield code="u">http://dx.doi.org/10.1093/sysbio/syy049</subfield>
      <subfield code="3">Available from publisher's site</subfield>
    </datafield>
    <datafield tag="912" ind1=" " ind2=" ">
      <subfield code="a">Article</subfield>
    </datafield>
    <datafield tag="914" ind1=" " ind2=" ">
      <subfield code="a">Journal:jnl4357890</subfield>
      <subfield code="b">1076-836X</subfield>
      <subfield code="c">68</subfield>
      <subfield code="d">1</subfield>
      <subfield code="e">131</subfield>
    </datafield>
    <datafield tag="914" ind1=" " ind2=" ">
      <subfield code="f">Systematic biology</subfield>
    </datafield>
    <datafield tag="916" ind1=" " ind2=" ">
      <subfield code="a">Batch:2406</subfield>
    </datafield>
    <datafield tag="917" ind1=" " ind2=" ">
      <subfield code="a">issued</subfield>
    </datafield>
    <datafield tag="918" ind1="2" ind2=" ">
      <subfield code="a">Oxford University Press</subfield>
      <subfield code="e">provider</subfield>
      <subfield code="5">DNAL</subfield>
    </datafield>
    <datafield tag="935" ind1=" " ind2=" ">
      <subfield code="a">IND606738595</subfield>
      <subfield code="9">ExL</subfield>
    </datafield>
    <datafield tag="949" ind1=" " ind2=" ">
      <subfield code="a">2020-02-11</subfield>
    </datafield>
    <datafield tag="953" ind1=" " ind2=" ">
      <subfield code="a">/data/metadata/incoming/oxford/sysbio68_1xml.zip</subfield>
    </datafield>
    <datafield tag="954" ind1=" " ind2=" ">
      <subfield code="a">file:/data/metadata/staging/oxford/syy049.xml</subfield>
    </datafield>
    <datafield tag="955" ind1=" " ind2=" ">
      <subfield code="a">/data/metadata/staging/oxford/</subfield>
    </datafield>
    <datafield tag="962" ind1=" " ind2=" ">
      <subfield code="a">Batch:2406 reviewed on 2020-02-11T11:00:03Z</subfield>
    </datafield>
    <datafield tag="974" ind1=" " ind2=" ">
      <subfield code="a">agid:6738595</subfield>
    </datafield>
    <datafield tag="983" ind1=" " ind2=" ">
      <subfield code="a">2019-10-19</subfield>
    </datafield>
    <datafield tag="984" ind1=" " ind2=" ">
      <subfield code="a">2020-02-11</subfield>
    </datafield>
  </record>