
  <record>
    <leader>04188nab a2200637 u 4500</leader>
    <controlfield tag="001">9916251192607426</controlfield>
    <controlfield tag="005">20221118031026.0</controlfield>
    <controlfield tag="008">191213e201912 xx |||||o|||||||||||eng||</controlfield>
    <datafield tag="016" ind1="7" ind2=" ">
      <subfield code="a">IND606777410</subfield>
      <subfield code="2">DNAL</subfield>
    </datafield>
    <datafield tag="024" ind1="7" ind2=" ">
      <subfield code="a">10.1111/oik.06236</subfield>
      <subfield code="2">doi</subfield>
    </datafield>
    <datafield tag="035" ind1=" " ind2=" ">
      <subfield code="a">agid:6777410-01nal_inst</subfield>
    </datafield>
    <datafield tag="040" ind1=" " ind2=" ">
      <subfield code="a">AGL</subfield>
      <subfield code="b">eng</subfield>
      <subfield code="c">AGL</subfield>
    </datafield>
    <datafield tag="100" ind1="1" ind2=" ">
      <subfield code="a">Masaki, Takashi</subfield>
      <subfield code="e">author</subfield>
      <subfield code="u">Forestry and Forest Products Research Inst., Matsunosato 1, Tsukuba,
        JP‐305‐8687, Ibaraki, Japan</subfield>
      <subfield code="1">https://orcid.org/0000-0001-8616-6068</subfield>
    </datafield>
    <datafield tag="245" ind1="1" ind2="0">
      <subfield code="a">Impact of the spatial uncertainty of seed dispersal on tree colonization
        dynamics in a temperate forest</subfield>
    </datafield>
    <datafield tag="300" ind1=" " ind2=" ">
      <subfield code="a">p. 1816-1828.</subfield>
    </datafield>
    <datafield tag="500" ind1=" " ind2=" ">
      <subfield code="a">JOURNAL ARTICLE</subfield>
    </datafield>
    <datafield tag="520" ind1=" " ind2=" ">
      <subfield code="a">An aggregated distribution of dispersed seeds may influence the
        colonization process in tree communities via inflated spatial uncertainty. To evaluate this
        possibility, we studied 10 tree species in a temperate forest: one primarily barochorous,
        six anemochorous and two endozoochorous species. A statistical model was developed by
        combining an empirical seed dispersal kernel with a gamma distribution of seedfall density,
        with parameters that vary with distance. In the probability density, the fitted models
        showed that seeds of Fagaceae (primarily barochorous) and Betulaceae (anemochorous) were
        disseminated locally (i.e. within 60 m of a mother tree), whereas seeds of Acer
        (anemochorous) and endozoochorous species were transported farther. Greater fecundity
        compensated for the lower probability of seed dispersal over long distances for some
        species. Spatial uncertainty in seedfall density was much greater within 60 m of a mother
        tree than farther away, irrespective of dispersal mode, suggesting that seed dispersal is
        particularly aggregated in the vicinity of mother trees. Simulation results suggested that
        such seed dispersal patterns could lead to sites in the vicinity of a tree being occupied by
        other species that disperse seeds from far away. We speculate that this process could
        promote coexistence by making the colonization rates of the species more similar on average
        and equalizing species fitness in this temperate forest community.</subfield>
    </datafield>
    <datafield tag="592" ind1=" " ind2=" ">
      <subfield code="a">Publisher supplied data</subfield>
    </datafield>
    <datafield tag="593" ind1=" " ind2=" ">
      <subfield code="a">PubAg article</subfield>
    </datafield>
    <datafield tag="650" ind1=" " ind2="3">
      <subfield code="a">Acer</subfield>
    </datafield>
    <datafield tag="650" ind1=" " ind2="3">
      <subfield code="a">Betulaceae</subfield>
    </datafield>
    <datafield tag="650" ind1=" " ind2="3">
      <subfield code="a">Fagaceae</subfield>
    </datafield>
    <datafield tag="650" ind1=" " ind2="3">
      <subfield code="a">anemochory</subfield>
    </datafield>
    <datafield tag="650" ind1=" " ind2="3">
      <subfield code="a">fecundity</subfield>
    </datafield>
    <datafield tag="650" ind1=" " ind2="3">
      <subfield code="a">probability distribution</subfield>
    </datafield>
    <datafield tag="650" ind1=" " ind2="3">
      <subfield code="a">seed trees</subfield>
    </datafield>
    <datafield tag="650" ind1=" " ind2="3">
      <subfield code="a">seeds</subfield>
    </datafield>
    <datafield tag="650" ind1=" " ind2="3">
      <subfield code="a">statistical models</subfield>
    </datafield>
    <datafield tag="650" ind1=" " ind2="3">
      <subfield code="a">temperate forests</subfield>
    </datafield>
    <datafield tag="650" ind1=" " ind2="3">
      <subfield code="a">uncertainty</subfield>
    </datafield>
    <datafield tag="700" ind1="1" ind2=" ">
      <subfield code="a">Nakashizuka, Tohru</subfield>
      <subfield code="e">author</subfield>
      <subfield code="u">Research Inst. for Humanity and Nature, Kyoto, Japan</subfield>
    </datafield>
    <datafield tag="700" ind1="1" ind2=" ">
      <subfield code="a">Niiyama, Kaoru</subfield>
      <subfield code="e">author</subfield>
      <subfield code="u">Forestry and Forest Products Research Inst., Matsunosato 1, Tsukuba,
        JP‐305‐8687, Ibaraki, Japan</subfield>
    </datafield>
    <datafield tag="700" ind1="1" ind2=" ">
      <subfield code="a">Tanaka, Hiroshi</subfield>
      <subfield code="e">author</subfield>
      <subfield code="u">Forestry and Forest Products Research Inst., Matsunosato 1, Tsukuba,
        JP‐305‐8687, Ibaraki, Japan</subfield>
    </datafield>
    <datafield tag="700" ind1="1" ind2=" ">
      <subfield code="a">Iida, Shigeo</subfield>
      <subfield code="e">author</subfield>
      <subfield code="u">Kyushu Research Center, Forestry and Forest Products Research Inst,
        Kumamoto, Japan</subfield>
    </datafield>
    <datafield tag="700" ind1="1" ind2=" ">
      <subfield code="a">Bullock, James M.</subfield>
      <subfield code="e">author</subfield>
      <subfield code="u">NERC Centre for Ecology and Hydrology, Wallingford, UK</subfield>
    </datafield>
    <datafield tag="700" ind1="1" ind2=" ">
      <subfield code="a">Naoe, Shoji</subfield>
      <subfield code="e">author</subfield>
      <subfield code="u">Tohoku Research Center, Forestry and Forest Products Research Inst, Iwate,
        Japan</subfield>
    </datafield>
    <datafield tag="773" ind1="0" ind2=" ">
      <subfield code="t">Oikos.</subfield>
      <subfield code="g">2019 Dec., v. 128, no. 12 p.1816-1828</subfield>
      <subfield code="d">Blackwell Publishing Ltd</subfield>
      <subfield code="w">Journal:jnl30362</subfield>
      <subfield code="x">0030-1299</subfield>
      <subfield code="7">nnas</subfield>
    </datafield>
    <datafield tag="787" ind1="1" ind2=" ">
      <subfield code="o">islandora_article_repository</subfield>
    </datafield>
    <datafield tag="787" ind1="1" ind2=" ">
      <subfield code="o">product_pubag</subfield>
    </datafield>
    <datafield tag="787" ind1="1" ind2=" ">
      <subfield code="o">(Journal)jnl30362</subfield>
    </datafield>
    <datafield tag="856" ind1="4" ind2="0">
      <subfield code="u">http://dx.doi.org/10.1111/oik.06236</subfield>
      <subfield code="3">Available from publisher's site</subfield>
    </datafield>
    <datafield tag="912" ind1=" " ind2=" ">
      <subfield code="a">Article</subfield>
    </datafield>
    <datafield tag="914" ind1=" " ind2=" ">
      <subfield code="a">Journal:jnl30362</subfield>
      <subfield code="b">0030-1299</subfield>
      <subfield code="c">128</subfield>
      <subfield code="d">12</subfield>
      <subfield code="e">1816</subfield>
    </datafield>
    <datafield tag="914" ind1=" " ind2=" ">
      <subfield code="f">Oikos</subfield>
    </datafield>
    <datafield tag="916" ind1=" " ind2=" ">
      <subfield code="a">Batch:2523</subfield>
    </datafield>
    <datafield tag="917" ind1=" " ind2=" ">
      <subfield code="a">issued</subfield>
    </datafield>
    <datafield tag="918" ind1="2" ind2=" ">
      <subfield code="a">John Wiley &amp; Sons, Inc</subfield>
      <subfield code="e">provider</subfield>
      <subfield code="5">DNAL</subfield>
    </datafield>
    <datafield tag="935" ind1=" " ind2=" ">
      <subfield code="a">IND606777410</subfield>
      <subfield code="9">ExL</subfield>
    </datafield>
    <datafield tag="949" ind1=" " ind2=" ">
      <subfield code="a">2020-07-21</subfield>
    </datafield>
    <datafield tag="953" ind1=" " ind2=" ">
      <subfield code="a">/data/metadata/incoming/wiley/00301299_2019_128_12.xml</subfield>
    </datafield>
    <datafield tag="954" ind1=" " ind2=" ">
      <subfield code="a">file:/data/metadata/staging/wiley/00301299_2019_128_12.xml</subfield>
    </datafield>
    <datafield tag="955" ind1=" " ind2=" ">
      <subfield code="a">/data/metadata/staging/wiley/</subfield>
    </datafield>
    <datafield tag="962" ind1=" " ind2=" ">
      <subfield code="a">Batch:2523 reviewed on 2020-07-21T04:00:04Z</subfield>
    </datafield>
    <datafield tag="974" ind1=" " ind2=" ">
      <subfield code="a">agid:6777410</subfield>
    </datafield>
    <datafield tag="983" ind1=" " ind2=" ">
      <subfield code="a">2019-12-13</subfield>
    </datafield>
    <datafield tag="984" ind1=" " ind2=" ">
      <subfield code="a">2020-07-21</subfield>
    </datafield>
  </record>