
  <record>
    <leader>03715nab a2200625 u 4500</leader>
    <controlfield tag="001">9916251291807426</controlfield>
    <controlfield tag="005">20221118030533.0</controlfield>
    <controlfield tag="008">141110e201208 xx |||||o|||||||||||eng||</controlfield>
    <datafield tag="016" ind1="7" ind2=" ">
      <subfield code="a">IND44732715</subfield>
      <subfield code="2">DNAL</subfield>
    </datafield>
    <datafield tag="024" ind1="7" ind2=" ">
      <subfield code="a">10.1016/j.bse.2012.02.005</subfield>
      <subfield code="2">doi</subfield>
    </datafield>
    <datafield tag="035" ind1=" " ind2=" ">
      <subfield code="a">agid:458817-01nal_inst</subfield>
    </datafield>
    <datafield tag="040" ind1=" " ind2=" ">
      <subfield code="a">AGL</subfield>
      <subfield code="b">eng</subfield>
      <subfield code="c">AGL</subfield>
    </datafield>
    <datafield tag="100" ind1="1" ind2=" ">
      <subfield code="a">de Melo, Afranio Farias, Jr.</subfield>
      <subfield code="e">author</subfield>
      <subfield code="u">Universidade Estadual de Montes Claros – Unimontes, Brazil</subfield>
    </datafield>
    <datafield tag="245" ind1="1" ind2="0">
      <subfield code="a">Spatial genetic structure in natural populations of Caryocar brasiliense
        Camb. (Caryocareceae) in the North of Minas Gerais, Brazil</subfield>
    </datafield>
    <datafield tag="300" ind1=" " ind2=" ">
      <subfield code="a">p. 205-209.</subfield>
    </datafield>
    <datafield tag="520" ind1=" " ind2=" ">
      <subfield code="a">Caryocar brasiliense is a widely distributed but endangered Brazilian
        Cerrado tree species. We studied patterns of spatial genetic structure and populational
        differentiation from four natural populations in the North of the State of Minas Gerais,
        Brazil. Genetic diversity from 240 individuals using allozyme loci was analyzed and inferred
        by heterozygosity index, Nason's kinship coefficient and assessment of historical population
        bottlenecks. We did not find evidence of inbreeding within fragments, but from the fitting
        tests into the infinite allele model of mutation no population was shown to be in
        equilibrium, indicating recent bottlenecks. Only one population (Japonvar) showed positive
        coancestry value indicating the tendency of increased structure among trees that are
        spatially closer to each other. Although the average genetic differentiation in each
        population pair was generally low (DG = 0.036), Mantel tests showed tendency for distance
        dependence of genetic structure (rₘ = 0.905, P = 0.084). Fragmentation may cause
        genetic isolation by next generations, increasing differentiation among populations. Thus,
        considering the practically irreversible fragmentation of populations around agricultural
        areas at Cerrado Biome, landscape management strategies for C. brasiliense should be
        considered to protect the still existent populations.</subfield>
    </datafield>
    <datafield tag="592" ind1=" " ind2=" ">
      <subfield code="a">Publisher supplied data</subfield>
    </datafield>
    <datafield tag="593" ind1=" " ind2=" ">
      <subfield code="a">PubAg article</subfield>
    </datafield>
    <datafield tag="650" ind1=" " ind2="3">
      <subfield code="a">Caryocar brasiliense</subfield>
    </datafield>
    <datafield tag="650" ind1=" " ind2="3">
      <subfield code="a">alleles</subfield>
    </datafield>
    <datafield tag="650" ind1=" " ind2="3">
      <subfield code="a">allozymes</subfield>
    </datafield>
    <datafield tag="650" ind1=" " ind2="3">
      <subfield code="a">cerrado</subfield>
    </datafield>
    <datafield tag="650" ind1=" " ind2="3">
      <subfield code="a">ecosystems</subfield>
    </datafield>
    <datafield tag="650" ind1=" " ind2="3">
      <subfield code="a">genetic variation</subfield>
    </datafield>
    <datafield tag="650" ind1=" " ind2="3">
      <subfield code="a">heterozygosity</subfield>
    </datafield>
    <datafield tag="650" ind1=" " ind2="3">
      <subfield code="a">inbreeding</subfield>
    </datafield>
    <datafield tag="650" ind1=" " ind2="3">
      <subfield code="a">kinship</subfield>
    </datafield>
    <datafield tag="650" ind1=" " ind2="3">
      <subfield code="a">landscape management</subfield>
    </datafield>
    <datafield tag="650" ind1=" " ind2="3">
      <subfield code="a">loci</subfield>
    </datafield>
    <datafield tag="650" ind1=" " ind2="3">
      <subfield code="a">models</subfield>
    </datafield>
    <datafield tag="650" ind1=" " ind2="3">
      <subfield code="a">mutation</subfield>
    </datafield>
    <datafield tag="650" ind1=" " ind2="3">
      <subfield code="a">trees</subfield>
    </datafield>
    <datafield tag="651" ind1=" " ind2="3">
      <subfield code="a">Brazil</subfield>
    </datafield>
    <datafield tag="700" ind1="1" ind2=" ">
      <subfield code="a">de Carvalho, Dulcinéia</subfield>
      <subfield code="e">author</subfield>
      <subfield code="u">Universidade Federal de Lavras – UFLA, Brazil</subfield>
    </datafield>
    <datafield tag="700" ind1="1" ind2=" ">
      <subfield code="a">Vieira, Fábio A.</subfield>
      <subfield code="e">author</subfield>
      <subfield code="u">Universidade Federal do Rio Grande do Norte – UFRN, Brazil</subfield>
    </datafield>
    <datafield tag="700" ind1="1" ind2=" ">
      <subfield code="a">de Oliveira, Dario A.</subfield>
      <subfield code="e">author</subfield>
      <subfield code="u">Universidade Estadual de Montes Claros – Unimontes, Brazil</subfield>
    </datafield>
    <datafield tag="773" ind1="0" ind2=" ">
      <subfield code="t">Biochemical systematics and ecology.</subfield>
      <subfield code="g">2012 Aug., v. 43 p.205-209</subfield>
      <subfield code="d">Elsevier Ltd</subfield>
      <subfield code="x">0305-1978</subfield>
      <subfield code="7">nnas</subfield>
    </datafield>
    <datafield tag="787" ind1="1" ind2=" ">
      <subfield code="o">islandora_article_repository</subfield>
    </datafield>
    <datafield tag="787" ind1="1" ind2=" ">
      <subfield code="o">product_pubag</subfield>
    </datafield>
    <datafield tag="787" ind1="1" ind2=" ">
      <subfield code="o">(Journal)jnl45135</subfield>
    </datafield>
    <datafield tag="856" ind1="4" ind2="0">
      <subfield code="u">http://dx.doi.org/10.1016/j.bse.2012.02.005</subfield>
      <subfield code="3">Available from publisher's site</subfield>
    </datafield>
    <datafield tag="912" ind1=" " ind2=" ">
      <subfield code="a">Article</subfield>
    </datafield>
    <datafield tag="914" ind1=" " ind2=" ">
      <subfield code="a">Journal:jnl45135</subfield>
      <subfield code="b">0305-1978</subfield>
      <subfield code="c">43</subfield>
      <subfield code="e">205</subfield>
    </datafield>
    <datafield tag="914" ind1=" " ind2=" ">
      <subfield code="f">Biochemical systematics and ecology</subfield>
    </datafield>
    <datafield tag="917" ind1=" " ind2=" ">
      <subfield code="a">issued</subfield>
    </datafield>
    <datafield tag="918" ind1="2" ind2=" ">
      <subfield code="a">Elsevier B.V.</subfield>
      <subfield code="e">provider</subfield>
      <subfield code="5">DNAL</subfield>
    </datafield>
    <datafield tag="935" ind1=" " ind2=" ">
      <subfield code="a">IND44732715</subfield>
      <subfield code="9">ExL</subfield>
    </datafield>
    <datafield tag="949" ind1=" " ind2=" ">
      <subfield code="a">2013-10-29</subfield>
    </datafield>
    <datafield tag="953" ind1=" " ind2=" ">
      <subfield code="a">NAL26670030519780043000C.xml</subfield>
    </datafield>
    <datafield tag="962" ind1=" " ind2=" ">
      <subfield code="a">Batch:368 annotated on 2013-10-23T11:02:21Z</subfield>
    </datafield>
    <datafield tag="962" ind1=" " ind2=" ">
      <subfield code="a">Batch:368 reviewed on 2013-10-29T12:00:04Z</subfield>
    </datafield>
    <datafield tag="962" ind1=" " ind2=" ">
      <subfield code="a">Batch:368 reviewed on 2013-10-29T16:00:04Z</subfield>
    </datafield>
    <datafield tag="974" ind1=" " ind2=" ">
      <subfield code="a">agid:458817</subfield>
    </datafield>
    <datafield tag="983" ind1=" " ind2=" ">
      <subfield code="a">2014-11-10</subfield>
    </datafield>
    <datafield tag="984" ind1=" " ind2=" ">
      <subfield code="a">2014-11-10</subfield>
    </datafield>
  </record>