
  <record>
    <leader>03965nab a2200577 u 4500</leader>
    <controlfield tag="001">9916251294907426</controlfield>
    <controlfield tag="005">20221118030501.0</controlfield>
    <controlfield tag="008">120727e201110 xx |||||o|||||||||||eng||</controlfield>
    <datafield tag="016" ind1="7" ind2=" ">
      <subfield code="a">IND44764070</subfield>
      <subfield code="2">DNAL</subfield>
    </datafield>
    <datafield tag="024" ind1="7" ind2=" ">
      <subfield code="a">10.1111/j.1365-2311.2011.01306.x</subfield>
      <subfield code="2">doi</subfield>
    </datafield>
    <datafield tag="035" ind1=" " ind2=" ">
      <subfield code="a">agid:458808-01nal_inst</subfield>
    </datafield>
    <datafield tag="040" ind1=" " ind2=" ">
      <subfield code="a">AGL</subfield>
      <subfield code="b">eng</subfield>
      <subfield code="c">AGL</subfield>
    </datafield>
    <datafield tag="100" ind1="1" ind2=" ">
      <subfield code="a">SANTINI, GIACOMO</subfield>
      <subfield code="e">author</subfield>
      <subfield code="u">Department of Evolutionary Biology ‘Leo Pardi’, University of Florence,
        Firenze, Italy CESPRO, University of Florence, Prato, Italy Marine Biology and Ecology
        Research Centre, University of Plymouth, Plymouth, U.K.</subfield>
    </datafield>
    <datafield tag="245" ind1="1" ind2="0">
      <subfield code="a">Spatial patterns of the ant Crematogaster scutellaris in a model
        ecosystem</subfield>
    </datafield>
    <datafield tag="300" ind1=" " ind2=" ">
      <subfield code="a">p. 625-634.</subfield>
    </datafield>
    <datafield tag="520" ind1=" " ind2=" ">
      <subfield code="a">1. The spatial arrangement of individuals and populations may have deep
        influences on all the biotic interactions within a community. 2. The spatial distribution of
        nests of the ant Crematogaster scutellaris Olivier was analysed in an olive orchard in
        central Italy. As this species nests inside tree trunks, the regular structure of this
        simplified ecosystem may help to reduce the confounding effect of habitat heterogeneity on
        the spatial distribution of nests. In total, 531 trees were mapped and their shape (size and
        structure of the trunk) recorded. The presence of C. scutellaris nests in each tree was
        assessed in spring–summer and autumn 2006 and 2007. 3. The number of occupied trees
        changed in time, from a maximum of 129 (summer 2006) to a minimum of 60 (autumn 2007).
        Occupancy of tree was related to its shape, with larger trees being more frequently and more
        steadily occupied than smaller ones. 4. Nests were spatially aggregated, forming
        well‐defined clusters, but aggregation was not explained by a corresponding clumping of
        larger trees. Nests belonging to the same cluster were usually not aggressive to each other,
        whereas aggression was more common between nests belonging to different clusters. The
        dynamic nature of the system coupled with the clustered distribution of nests, is consistent
        with a hypothesis of seasonal polydomy, and suggest that whereas some trees are steadily
        occupied (core) others are opportunistically colonised when new resources are discovered
        (satellites). 5. Clusters size distribution was shown to follow a truncated power‐law, a
        finding consistent with the idea that clusters are self‐organised structures dependent on
        local interactions. These results suggest that spatial self‐organisation in ant colonies
        may in principle be more common than previously thought, although the mechanisms generating
        these patterns still need to be clarified.</subfield>
    </datafield>
    <datafield tag="592" ind1=" " ind2=" ">
      <subfield code="a">Publisher supplied data</subfield>
    </datafield>
    <datafield tag="593" ind1=" " ind2=" ">
      <subfield code="a">PubAg article</subfield>
    </datafield>
    <datafield tag="650" ind1=" " ind2="3">
      <subfield code="a">Crematogaster</subfield>
    </datafield>
    <datafield tag="650" ind1=" " ind2="3">
      <subfield code="a">aggression</subfield>
    </datafield>
    <datafield tag="650" ind1=" " ind2="3">
      <subfield code="a">ant nests</subfield>
    </datafield>
    <datafield tag="650" ind1=" " ind2="3">
      <subfield code="a">autumn</subfield>
    </datafield>
    <datafield tag="650" ind1=" " ind2="3">
      <subfield code="a">ecosystems</subfield>
    </datafield>
    <datafield tag="650" ind1=" " ind2="3">
      <subfield code="a">habitats</subfield>
    </datafield>
    <datafield tag="650" ind1=" " ind2="3">
      <subfield code="a">satellites</subfield>
    </datafield>
    <datafield tag="650" ind1=" " ind2="3">
      <subfield code="a">summer</subfield>
    </datafield>
    <datafield tag="650" ind1=" " ind2="3">
      <subfield code="a">tree trunk</subfield>
    </datafield>
    <datafield tag="650" ind1=" " ind2="3">
      <subfield code="a">trees</subfield>
    </datafield>
    <datafield tag="651" ind1=" " ind2="3">
      <subfield code="a">Italy</subfield>
    </datafield>
    <datafield tag="700" ind1="1" ind2=" ">
      <subfield code="a">RAMSAY, PAUL M.</subfield>
      <subfield code="e">author</subfield>
    </datafield>
    <datafield tag="700" ind1="1" ind2=" ">
      <subfield code="a">TUCCI, LORENZO</subfield>
      <subfield code="e">author</subfield>
    </datafield>
    <datafield tag="700" ind1="1" ind2=" ">
      <subfield code="a">OTTONETTI, LORENZO</subfield>
      <subfield code="e">author</subfield>
    </datafield>
    <datafield tag="700" ind1="1" ind2=" ">
      <subfield code="a">FRIZZI, FILIPPO</subfield>
      <subfield code="e">author</subfield>
    </datafield>
    <datafield tag="773" ind1="0" ind2=" ">
      <subfield code="t">Ecological entomology.</subfield>
      <subfield code="g">2011 Oct., v. 36, no. 5 p.625-634</subfield>
      <subfield code="d">Blackwell Publishing Ltd</subfield>
      <subfield code="x">0307-6946</subfield>
      <subfield code="7">nnas</subfield>
    </datafield>
    <datafield tag="787" ind1="1" ind2=" ">
      <subfield code="o">islandora_article_repository</subfield>
    </datafield>
    <datafield tag="787" ind1="1" ind2=" ">
      <subfield code="o">product_pubag</subfield>
    </datafield>
    <datafield tag="787" ind1="1" ind2=" ">
      <subfield code="o">(Journal)jnl7132</subfield>
    </datafield>
    <datafield tag="856" ind1="4" ind2="0">
      <subfield code="u">http://dx.doi.org/10.1111/j.1365-2311.2011.01306.x</subfield>
    </datafield>
    <datafield tag="912" ind1=" " ind2=" ">
      <subfield code="a">Article</subfield>
    </datafield>
    <datafield tag="914" ind1=" " ind2=" ">
      <subfield code="a">Journal:jnl7132</subfield>
      <subfield code="c">36</subfield>
      <subfield code="d">5</subfield>
      <subfield code="e">625</subfield>
    </datafield>
    <datafield tag="914" ind1=" " ind2=" ">
      <subfield code="f">Ecological entomology</subfield>
    </datafield>
    <datafield tag="917" ind1=" " ind2=" ">
      <subfield code="a">issued</subfield>
    </datafield>
    <datafield tag="918" ind1="2" ind2=" ">
      <subfield code="a">John Wiley &amp; Sons, Inc</subfield>
      <subfield code="e">provider</subfield>
      <subfield code="5">DNAL</subfield>
    </datafield>
    <datafield tag="935" ind1=" " ind2=" ">
      <subfield code="a">IND44764070</subfield>
      <subfield code="9">ExL</subfield>
    </datafield>
    <datafield tag="949" ind1=" " ind2=" ">
      <subfield code="a">2014-01-31</subfield>
    </datafield>
    <datafield tag="951" ind1=" " ind2=" ">
      <subfield code="a">2012-07-27</subfield>
    </datafield>
    <datafield tag="953" ind1=" " ind2=" ">
      <subfield code="a">03076946_2011_36_5.xml</subfield>
    </datafield>
    <datafield tag="962" ind1=" " ind2=" ">
      <subfield code="a">Batch:419 annotated on 2014-01-13T16:30:56Z</subfield>
    </datafield>
    <datafield tag="962" ind1=" " ind2=" ">
      <subfield code="a">Batch:419 reviewed on 2014-01-29T16:00:03Z</subfield>
    </datafield>
    <datafield tag="962" ind1=" " ind2=" ">
      <subfield code="a">Batch:419 reviewed on 2014-01-31T11:00:03Z</subfield>
    </datafield>
    <datafield tag="974" ind1=" " ind2=" ">
      <subfield code="a">agid:458808</subfield>
    </datafield>
  </record>