
  <record>
    <leader>03348nab a2200589 u 4500</leader>
    <controlfield tag="001">9916251738607426</controlfield>
    <controlfield tag="005">20221118031952.0</controlfield>
    <controlfield tag="008">000711e199912 ne |||||o|||||||||||eng||</controlfield>
    <datafield tag="016" ind1="7" ind2=" ">
      <subfield code="a">IND22056743</subfield>
      <subfield code="2">DNAL</subfield>
    </datafield>
    <datafield tag="035" ind1=" " ind2=" ">
      <subfield code="a">agid:2854045-01nal_inst</subfield>
    </datafield>
    <datafield tag="040" ind1=" " ind2=" ">
      <subfield code="a">AGL</subfield>
      <subfield code="b">eng</subfield>
      <subfield code="c">AGL</subfield>
    </datafield>
    <datafield tag="100" ind1="1" ind2=" ">
      <subfield code="a">Carmel, Y.</subfield>
    </datafield>
    <datafield tag="245" ind1="1" ind2="0">
      <subfield code="a">Effects of grazing and topography on long-term vegetation changes in a
        Mediterranean ecosystem in Israel</subfield>
    </datafield>
    <datafield tag="300" ind1=" " ind2=" ">
      <subfield code="a">p. 243-254.</subfield>
    </datafield>
    <datafield tag="520" ind1=" " ind2=" ">
      <subfield code="a">The dynamics of Mediterranean vegetation over 28 years was studied in the
        Northern Galilee Mountains, Israel, in order to identify and quantify the major factors
        affecting it at the landscape scale. Image analysis of historical and current aerial
        photographs was used to produce high resolution digital vegetation maps (pixel size = 30 cm)
        for an area of 4 km(2) in the Galilee Mountains, northern Israel. GIS tools were used to
        produce corresponding maps of grazing regime, topographic indices and other relevant
        environmental factors. The effects of those factors were quantified using a multiple
        regression analyses. Major changes in the vegetation occurred during the period studied
        (1964-1992); tree cover increased from 2% in 1964 to 41% in 1992, while herbaceous
        vegetation cover decreased from 56% in 1964 to 24% in 1992. Grazing, topography and initial
        vegetation cover were found to significantly affect present vegetation patterns. Both cattle
        grazing and goat grazing reduced the rate of increase in tree cover, yet even intensive
        grazing did not halt the process. Grazing affected also the woody-herbaceous vegetation
        dynamics, reducing the expansion of woody vegetation. Slope, aspect, and the interaction
        term between these two factors, significantly affected vegetation pattern. Altogether, 56%
        and 72% of the variability in herbaceous and tree cover, respectively, was explained by the
        regression models. This study that spatially explicit Mediterranean vegetation was explained
        by the regression study indicates vegetation dynamics can be predicted with fair accuracy
        using few biologically important environmental variables.</subfield>
    </datafield>
    <datafield tag="650" ind1=" " ind2="3">
      <subfield code="a">vegetation</subfield>
    </datafield>
    <datafield tag="650" ind1=" " ind2="3">
      <subfield code="a">grazing</subfield>
    </datafield>
    <datafield tag="650" ind1=" " ind2="3">
      <subfield code="a">topography</subfield>
    </datafield>
    <datafield tag="650" ind1=" " ind2="3">
      <subfield code="a">ecological succession</subfield>
    </datafield>
    <datafield tag="650" ind1=" " ind2="3">
      <subfield code="a">population dynamics</subfield>
    </datafield>
    <datafield tag="650" ind1=" " ind2="3">
      <subfield code="a">landscape ecology</subfield>
    </datafield>
    <datafield tag="650" ind1=" " ind2="3">
      <subfield code="a">aerial photography</subfield>
    </datafield>
    <datafield tag="650" ind1=" " ind2="3">
      <subfield code="a">geographic information systems</subfield>
    </datafield>
    <datafield tag="650" ind1=" " ind2="3">
      <subfield code="a">spatial variation</subfield>
    </datafield>
    <datafield tag="650" ind1=" " ind2="3">
      <subfield code="a">mathematical models</subfield>
    </datafield>
    <datafield tag="650" ind1=" " ind2="3">
      <subfield code="a">botanical composition</subfield>
    </datafield>
    <datafield tag="650" ind1=" " ind2="3">
      <subfield code="a">trees</subfield>
    </datafield>
    <datafield tag="650" ind1=" " ind2="3">
      <subfield code="a">cattle</subfield>
    </datafield>
    <datafield tag="650" ind1=" " ind2="3">
      <subfield code="a">goats</subfield>
    </datafield>
    <datafield tag="650" ind1=" " ind2="3">
      <subfield code="a">prediction</subfield>
    </datafield>
    <datafield tag="651" ind1=" " ind2="3">
      <subfield code="a">Israel</subfield>
    </datafield>
    <datafield tag="653" ind1=" " ind2="0">
      <subfield code="a">orientation</subfield>
    </datafield>
    <datafield tag="653" ind1=" " ind2="0">
      <subfield code="a">sloping land</subfield>
    </datafield>
    <datafield tag="653" ind1=" " ind2="0">
      <subfield code="a">ground cover</subfield>
    </datafield>
    <datafield tag="700" ind1="1" ind2=" ">
      <subfield code="a">Kadmon, R.</subfield>
    </datafield>
    <datafield tag="773" ind1="0" ind2=" ">
      <subfield code="t">Plant ecology.</subfield>
      <subfield code="g">1999 Dec., v. 145, no. 2 p.243-254</subfield>
      <subfield code="x">1385-0237</subfield>
      <subfield code="7">nnas</subfield>
    </datafield>
    <datafield tag="787" ind1="1" ind2=" ">
      <subfield code="o">islandora_article_repository</subfield>
    </datafield>
    <datafield tag="787" ind1="1" ind2=" ">
      <subfield code="o">(Journal)jnl55230</subfield>
    </datafield>
    <datafield tag="852" ind1=" " ind2=" ">
      <subfield code="a">DNAL</subfield>
    </datafield>
    <datafield tag="912" ind1=" " ind2=" ">
      <subfield code="a">Article</subfield>
    </datafield>
    <datafield tag="914" ind1=" " ind2=" ">
      <subfield code="a">Journal:jnl55230</subfield>
    </datafield>
    <datafield tag="914" ind1=" " ind2=" ">
      <subfield code="f">Plant ecol</subfield>
    </datafield>
    <datafield tag="917" ind1=" " ind2=" ">
      <subfield code="a">issued</subfield>
    </datafield>
    <datafield tag="930" ind1=" " ind2=" ">
      <subfield code="a">20001102</subfield>
      <subfield code="b">20001113</subfield>
      <subfield code="c">00000000</subfield>
    </datafield>
    <datafield tag="935" ind1=" " ind2=" ">
      <subfield code="a">IND22056743</subfield>
      <subfield code="9">ExL</subfield>
    </datafield>
    <datafield tag="945" ind1=" " ind2=" ">
      <subfield code="a">IND</subfield>
      <subfield code="d">CTR</subfield>
    </datafield>
    <datafield tag="946" ind1=" " ind2=" ">
      <subfield code="a">Non-US</subfield>
    </datafield>
    <datafield tag="952" ind1=" " ind2=" ">
      <subfield code="a">20001102 20001113 00000000</subfield>
      <subfield code="b">IND CTR </subfield>
    </datafield>
    <datafield tag="974" ind1=" " ind2=" ">
      <subfield code="a">agid:2854045</subfield>
    </datafield>
    <datafield tag="984" ind1=" " ind2=" ">
      <subfield code="a">2014-12-25</subfield>
    </datafield>
    <datafield tag="985" ind1=" " ind2=" ">
      <subfield code="a">Converted from MARCXML to MODS version 3.4 using MARC21slim2MODS3-4.xsl
        (Revision 1.95 2014/04/23)</subfield>
    </datafield>
    <datafield tag="986" ind1=" " ind2=" ">
      <subfield code="a">3420664</subfield>
    </datafield>
  </record>