
  <record>
    <leader>03720nab a2200517 u 4500</leader>
    <controlfield tag="001">9916251757107426</controlfield>
    <controlfield tag="005">20221118032406.0</controlfield>
    <controlfield tag="008">000712e199910 ne |||||o|||||||||||eng||</controlfield>
    <datafield tag="016" ind1="7" ind2=" ">
      <subfield code="a">IND22057090</subfield>
      <subfield code="2">DNAL</subfield>
    </datafield>
    <datafield tag="035" ind1=" " ind2=" ">
      <subfield code="a">agid:2854058-01nal_inst</subfield>
    </datafield>
    <datafield tag="040" ind1=" " ind2=" ">
      <subfield code="a">AGL</subfield>
      <subfield code="b">eng</subfield>
      <subfield code="c">AGL</subfield>
    </datafield>
    <datafield tag="100" ind1="1" ind2=" ">
      <subfield code="a">Hutchinson, T.F.</subfield>
    </datafield>
    <datafield tag="245" ind1="1" ind2="0">
      <subfield code="a">Landscape patterns of understory composition and richness across a moisture
        and nitrogen mineralization gradient in Ohio (U.S.A.) Quercus forests</subfield>
    </datafield>
    <datafield tag="300" ind1=" " ind2=" ">
      <subfield code="a">p. 177-189.</subfield>
    </datafield>
    <datafield tag="520" ind1=" " ind2=" ">
      <subfield code="a">This study quantified relationships of understory vascular plant species
        composition and richness along environmental gradients over a broad spatial scale in
        second-growth oak forests in eastern North America. Species frequencies were recorded in 108
        25 x 25 m plots in four study sites extending over 70 km in southern Ohio, U.S.A. The plots
        were stratified into three long-term soil moisture classes with a GIS-derived integrated
        moisture index (IMI). In addition to the IMI, the environmental data matrix included eight
        soil and three overstory variables. Canonical correspondence analysis (CCA) indicated that
        variations in understory species composition were most strongly related to topographic
        variations in predicted moisture (IMI), N mineralization rate, nitrification rate, and soil
        pH. In addition, floristic variation at the regional scale was correlated with variations in
        soil texture, nitrification, pH, and PO4(-) resulting from differences in the soil parent
        material complexes among sites. Species richness averaged 65 species/plot, and increased
        with moisture and fertility. Stepwise regression indicated that richness was positively
        correlated with N mineralization rate and nitrification rate, and inversely correlated with
        tree basal area. Greater richness on fertile plots was the largely the result of increasing
        forb richness. Forb richness per quadrat (2 m(2)) was most strongly and positively related
        to N mineralization rate. Conversely, richness of understory individuals of tree species was
        greatest on xeric, less-fertile plots. Our results describe general, broad-scale
        species-environment relationships that occurred at both the topographic scale (long-term
        moisture status and fertility) and the regional scale (geomorphological differences among
        the sites). Strong species richness-N mineralization correlations indicate an important link
        between below-ground processes and above-ground biodiversity. Because N availability was a
        strong correlate to vegetation patterns at a broad-scale, our results suggest that the
        increasing rates of atmospheric N deposition in the region could have a major impact on
        understory vegetation dynamics.</subfield>
    </datafield>
    <datafield tag="650" ind1=" " ind2="3">
      <subfield code="a">Quercus</subfield>
    </datafield>
    <datafield tag="650" ind1=" " ind2="3">
      <subfield code="a">forest ecology</subfield>
    </datafield>
    <datafield tag="650" ind1=" " ind2="3">
      <subfield code="a">species diversity</subfield>
    </datafield>
    <datafield tag="650" ind1=" " ind2="3">
      <subfield code="a">understory</subfield>
    </datafield>
    <datafield tag="650" ind1=" " ind2="3">
      <subfield code="a">soil water</subfield>
    </datafield>
    <datafield tag="650" ind1=" " ind2="3">
      <subfield code="a">nitrogen</subfield>
    </datafield>
    <datafield tag="650" ind1=" " ind2="3">
      <subfield code="a">mineralization</subfield>
    </datafield>
    <datafield tag="650" ind1=" " ind2="3">
      <subfield code="a">nitrification</subfield>
    </datafield>
    <datafield tag="651" ind1=" " ind2="3">
      <subfield code="a">Ohio</subfield>
    </datafield>
    <datafield tag="653" ind1=" " ind2="0">
      <subfield code="a">checklists</subfield>
    </datafield>
    <datafield tag="700" ind1="1" ind2=" ">
      <subfield code="a">Boerner, R.E.J.</subfield>
    </datafield>
    <datafield tag="700" ind1="1" ind2=" ">
      <subfield code="a">Iverson, L.R.</subfield>
    </datafield>
    <datafield tag="700" ind1="1" ind2=" ">
      <subfield code="a">Sutherland, S.</subfield>
    </datafield>
    <datafield tag="700" ind1="1" ind2=" ">
      <subfield code="a">Sutherland, E.K.</subfield>
    </datafield>
    <datafield tag="773" ind1="0" ind2=" ">
      <subfield code="t">Plant ecology.</subfield>
      <subfield code="g">1999 Oct., v. 144, no. 2 p.177-189</subfield>
      <subfield code="x">1385-0237</subfield>
      <subfield code="7">nnas</subfield>
    </datafield>
    <datafield tag="787" ind1="1" ind2=" ">
      <subfield code="o">islandora_article_repository</subfield>
    </datafield>
    <datafield tag="787" ind1="1" ind2=" ">
      <subfield code="o">(Journal)jnl55230</subfield>
    </datafield>
    <datafield tag="852" ind1=" " ind2=" ">
      <subfield code="a">DNAL</subfield>
    </datafield>
    <datafield tag="912" ind1=" " ind2=" ">
      <subfield code="a">Article</subfield>
    </datafield>
    <datafield tag="914" ind1=" " ind2=" ">
      <subfield code="a">Journal:jnl55230</subfield>
    </datafield>
    <datafield tag="914" ind1=" " ind2=" ">
      <subfield code="f">Plant ecol</subfield>
    </datafield>
    <datafield tag="917" ind1=" " ind2=" ">
      <subfield code="a">issued</subfield>
    </datafield>
    <datafield tag="930" ind1=" " ind2=" ">
      <subfield code="a">20001102</subfield>
      <subfield code="b">20001113</subfield>
      <subfield code="c">00000000</subfield>
    </datafield>
    <datafield tag="935" ind1=" " ind2=" ">
      <subfield code="a">IND22057090</subfield>
      <subfield code="9">ExL</subfield>
    </datafield>
    <datafield tag="945" ind1=" " ind2=" ">
      <subfield code="a">IND</subfield>
      <subfield code="d">MKS</subfield>
    </datafield>
    <datafield tag="946" ind1=" " ind2=" ">
      <subfield code="a">Non-US</subfield>
    </datafield>
    <datafield tag="952" ind1=" " ind2=" ">
      <subfield code="a">20001102 20001113 00000000</subfield>
      <subfield code="b">IND MKS </subfield>
    </datafield>
    <datafield tag="974" ind1=" " ind2=" ">
      <subfield code="a">agid:2854058</subfield>
    </datafield>
    <datafield tag="984" ind1=" " ind2=" ">
      <subfield code="a">2014-12-25</subfield>
    </datafield>
    <datafield tag="985" ind1=" " ind2=" ">
      <subfield code="a">Converted from MARCXML to MODS version 3.4 using MARC21slim2MODS3-4.xsl
        (Revision 1.95 2014/04/23)</subfield>
    </datafield>
    <datafield tag="986" ind1=" " ind2=" ">
      <subfield code="a">3420934</subfield>
    </datafield>
  </record>