
  <record>
    <leader>03656nab a2200505 u 4500</leader>
    <controlfield tag="001">9916251758807426</controlfield>
    <controlfield tag="005">20221118032344.0</controlfield>
    <controlfield tag="008">000712e199910 ne |||||o|||||||||||eng||</controlfield>
    <datafield tag="016" ind1="7" ind2=" ">
      <subfield code="a">IND22057106</subfield>
      <subfield code="2">DNAL</subfield>
    </datafield>
    <datafield tag="035" ind1=" " ind2=" ">
      <subfield code="a">agid:2854064-01nal_inst</subfield>
    </datafield>
    <datafield tag="040" ind1=" " ind2=" ">
      <subfield code="a">AGL</subfield>
      <subfield code="b">eng</subfield>
      <subfield code="c">AGL</subfield>
    </datafield>
    <datafield tag="100" ind1="1" ind2=" ">
      <subfield code="a">Webb, E.L.</subfield>
    </datafield>
    <datafield tag="245" ind1="1" ind2="0">
      <subfield code="a">Diversity and structure of tropical rain forest of Tutuila, American Samoa:
        effects of site age and substrate</subfield>
    </datafield>
    <datafield tag="300" ind1=" " ind2=" ">
      <subfield code="a">p. 257-274.</subfield>
    </datafield>
    <datafield tag="500" ind1=" " ind2=" ">
      <subfield code="a">2019-12-05</subfield>
    </datafield>
    <datafield tag="520" ind1=" " ind2=" ">
      <subfield code="a">We report community diversity, guild composition, and forest structure from
        three 1.2 ha (100 m x 120 m) permanent forest research plots on Tutuila, American Samoa, an
        isolated volcanic island in the South Pacific Ocean. Plots were established in three habitat
        types of lowland hill forest: two in mature tracts that differed in substrate type (talus vs
        non-talus), and a third in a 30-40 year-old abandoned plantation on non-talus soil. We
        encountered a total of 57 tree species &gt; or = 10 cm dbh. Richness was similar across
        sites, but composition differed substantially. We were able to classify with confidence 24
        tree species into four distinct guilds based on forest-type preference: early successional
        or persistent successional (disturbed forest), generalist (no preference), or mature-phase.
        Sample size limitations or interactions between site age and substrate precluded
        categorization of all species. Thirty-eight percent (9/24) of the tree species were
        successional, a result which contrasts sharply with data from (formerly) continental forest
        in Panama. Spatial distributions of 33 species revealed 17 species exhibiting clumping or
        hyperdispersion (i.e., regular spacing) in at least one site. Possible non-anthropogenic
        mechanisms promoting clumping in the plots were (a) topography (edaphic), (b) gap
        affiliation, (c) inefficient or altered patterns of propagule dispersal, and (d) lack of
        natural seedling predators. Forest structure differed across site type, with stem densities
        highest in regenerating forest; conversely, regenerating forest had the lowest basal areas.
        Steep talus forest sequestered the most carbon (344.3 Mg ha(-1)), and secondary forest
        sustained only 42% of levels found in talus forest (145.5 Mg ha(-1)). Mature forest on
        non-talus soil sequestered the majority of carbon in mid-sized trees (30-50 cm dbh). Future
        assessments of land-use cover and biomass will provide for a complete estimate of the carbon
        budget of Tutuila. Finally, the results of this study suggest that conservation of the
        native fauna is essential in retaining the potential for regeneration of native forest after
        large-scale disturbance.</subfield>
    </datafield>
    <datafield tag="650" ind1=" " ind2="3">
      <subfield code="a">tropical rain forests</subfield>
    </datafield>
    <datafield tag="650" ind1=" " ind2="3">
      <subfield code="a">tree age</subfield>
    </datafield>
    <datafield tag="650" ind1=" " ind2="3">
      <subfield code="a">seed dispersal</subfield>
    </datafield>
    <datafield tag="650" ind1=" " ind2="3">
      <subfield code="a">ecological succession</subfield>
    </datafield>
    <datafield tag="650" ind1=" " ind2="3">
      <subfield code="a">flora</subfield>
    </datafield>
    <datafield tag="650" ind1=" " ind2="3">
      <subfield code="a">species diversity</subfield>
    </datafield>
    <datafield tag="650" ind1=" " ind2="3">
      <subfield code="a">stand structure</subfield>
    </datafield>
    <datafield tag="650" ind1=" " ind2="3">
      <subfield code="a">forest ecology</subfield>
    </datafield>
    <datafield tag="651" ind1=" " ind2="3">
      <subfield code="a">American Samoa</subfield>
    </datafield>
    <datafield tag="653" ind1=" " ind2="0">
      <subfield code="a">plant communities</subfield>
    </datafield>
    <datafield tag="653" ind1=" " ind2="0">
      <subfield code="a">checklists</subfield>
    </datafield>
    <datafield tag="700" ind1="1" ind2=" ">
      <subfield code="a">Fa'aumu, S.</subfield>
    </datafield>
    <datafield tag="773" ind1="0" ind2=" ">
      <subfield code="t">Plant ecology.</subfield>
      <subfield code="g">1999 Oct., v. 144, no. 2 p.257-274</subfield>
      <subfield code="x">1385-0237</subfield>
      <subfield code="7">nnas</subfield>
    </datafield>
    <datafield tag="787" ind1="1" ind2=" ">
      <subfield code="o">islandora_article_repository</subfield>
    </datafield>
    <datafield tag="787" ind1="1" ind2=" ">
      <subfield code="o">(Journal)jnl55230</subfield>
    </datafield>
    <datafield tag="852" ind1=" " ind2=" ">
      <subfield code="a">DNAL</subfield>
    </datafield>
    <datafield tag="912" ind1=" " ind2=" ">
      <subfield code="a">Article</subfield>
    </datafield>
    <datafield tag="914" ind1=" " ind2=" ">
      <subfield code="a">Journal:jnl55230</subfield>
    </datafield>
    <datafield tag="914" ind1=" " ind2=" ">
      <subfield code="f">Plant ecol</subfield>
    </datafield>
    <datafield tag="917" ind1=" " ind2=" ">
      <subfield code="a">issued</subfield>
    </datafield>
    <datafield tag="930" ind1=" " ind2=" ">
      <subfield code="a">20001102</subfield>
      <subfield code="b">20001113</subfield>
      <subfield code="c">00000000</subfield>
    </datafield>
    <datafield tag="935" ind1=" " ind2=" ">
      <subfield code="a">IND22057106</subfield>
      <subfield code="9">ExL</subfield>
    </datafield>
    <datafield tag="945" ind1=" " ind2=" ">
      <subfield code="a">IND</subfield>
      <subfield code="d">MKS</subfield>
    </datafield>
    <datafield tag="946" ind1=" " ind2=" ">
      <subfield code="a">Non-US</subfield>
    </datafield>
    <datafield tag="952" ind1=" " ind2=" ">
      <subfield code="a">20001102 20001113 00000000</subfield>
      <subfield code="b">IND MKS </subfield>
    </datafield>
    <datafield tag="974" ind1=" " ind2=" ">
      <subfield code="a">agid:2854064</subfield>
    </datafield>
    <datafield tag="984" ind1=" " ind2=" ">
      <subfield code="a">2014-12-25</subfield>
    </datafield>
    <datafield tag="985" ind1=" " ind2=" ">
      <subfield code="a">Converted from MARCXML to MODS version 3.4 using MARC21slim2MODS3-4.xsl
        (Revision 1.95 2014/04/23)</subfield>
    </datafield>
    <datafield tag="986" ind1=" " ind2=" ">
      <subfield code="a">3420950</subfield>
    </datafield>
  </record>