
  <record>
    <leader>04354nab a2200637 u 4500</leader>
    <controlfield tag="001">9916252520307426</controlfield>
    <controlfield tag="005">20221118033633.0</controlfield>
    <controlfield tag="008">161030e200111 dcu|||||o|||||||||||eng||</controlfield>
    <datafield tag="016" ind1="7" ind2=" ">
      <subfield code="a">IND23246243</subfield>
      <subfield code="2">DNAL</subfield>
    </datafield>
    <datafield tag="024" ind1="7" ind2=" ">
      <subfield code="a">10.1890/0012-9615(2001)071[0557:AMFSVD]2.0.CO;2</subfield>
      <subfield code="2">doi</subfield>
    </datafield>
    <datafield tag="035" ind1=" " ind2=" ">
      <subfield code="a">agid:3786697-01nal_inst</subfield>
    </datafield>
    <datafield tag="040" ind1=" " ind2=" ">
      <subfield code="a">AGL</subfield>
      <subfield code="b">eng</subfield>
      <subfield code="c">AGL</subfield>
    </datafield>
    <datafield tag="100" ind1="1" ind2=" ">
      <subfield code="a">Moorcroft, P. R.</subfield>
      <subfield code="e">author</subfield>
      <subfield code="u">Department of Ecology and Evolutionary Biology, Princeton University,
        Princeton, New Jersey 08544-1003 USA</subfield>
    </datafield>
    <datafield tag="245" ind1="1" ind2="2">
      <subfield code="a">A method for scaling vegetation dynamics: the ecosystem demography model
        (ed)</subfield>
    </datafield>
    <datafield tag="300" ind1=" " ind2=" ">
      <subfield code="a">p. 557-586.</subfield>
    </datafield>
    <datafield tag="500" ind1=" " ind2=" ">
      <subfield code="a">JOURNAL ARTICLE</subfield>
    </datafield>
    <datafield tag="520" ind1=" " ind2=" ">
      <subfield code="a">The problem of scale has been a critical impediment to incorporating
        important fine‐scale processes into global ecosystem models. Our knowledge of fine‐scale
        physiological and ecological processes comes from a variety of measurements, ranging from
        forest plot inventories to remote sensing, made at spatial resolutions considerably smaller
        than the large scale at which global ecosystem models are defined. In this paper, we
        describe a new individual‐based, terrestrial biosphere model, which we label the ecosystem
        demography model (ED). We then introduce a general method for scaling stochastic
        individual‐based models of ecosystem dynamics (gap models) such as ED to large scales. The
        method accounts for the fine‐scale spatial heterogeneity within an ecosystem caused by
        stochastic disturbance events, operating at scales down to individual canopy‐tree‐sized
        gaps. By conditioning appropriately on the occurrence of these events, we derive a size‐ and
        age‐structured (SAS) approximation for the first moment of the stochastic ecosystem model.
        With this approximation, it is possible to make predictions about the large scales of
        interest from a description of the fine‐scale physiological and population‐dynamic processes
        without simulating the fate of every plant individually. We use the SAS approximation to
        implement our individual‐based biosphere model over South America from 15° N to 15° S,
        showing that the SAS equations are accurate across a range of environmental conditions and
        resulting ecosystem types. We then compare the predictions of the biosphere model to
        regional data and to intensive data at specific sites. Analysis of the model at these sites
        illustrates the importance of fine‐scale heterogeneity in governing large‐scale ecosystem
        function, showing how population and community‐level processes influence ecosystem
        composition and structure, patterns of aboveground carbon accumulation, and net ecosystem
        production.</subfield>
    </datafield>
    <datafield tag="592" ind1=" " ind2=" ">
      <subfield code="a">Publisher supplied data</subfield>
    </datafield>
    <datafield tag="593" ind1=" " ind2=" ">
      <subfield code="a">PubAg article</subfield>
    </datafield>
    <datafield tag="650" ind1=" " ind2="3">
      <subfield code="a">biosphere</subfield>
    </datafield>
    <datafield tag="650" ind1=" " ind2="3">
      <subfield code="a">carbon</subfield>
    </datafield>
    <datafield tag="650" ind1=" " ind2="3">
      <subfield code="a">demography</subfield>
    </datafield>
    <datafield tag="650" ind1=" " ind2="3">
      <subfield code="a">ecological function</subfield>
    </datafield>
    <datafield tag="650" ind1=" " ind2="3">
      <subfield code="a">ecosystems</subfield>
    </datafield>
    <datafield tag="650" ind1=" " ind2="3">
      <subfield code="a">environmental factors</subfield>
    </datafield>
    <datafield tag="650" ind1=" " ind2="3">
      <subfield code="a">equations</subfield>
    </datafield>
    <datafield tag="650" ind1=" " ind2="3">
      <subfield code="a">forests</subfield>
    </datafield>
    <datafield tag="650" ind1=" " ind2="3">
      <subfield code="a">inventories</subfield>
    </datafield>
    <datafield tag="650" ind1=" " ind2="3">
      <subfield code="a">models</subfield>
    </datafield>
    <datafield tag="650" ind1=" " ind2="3">
      <subfield code="a">net ecosystem production</subfield>
    </datafield>
    <datafield tag="650" ind1=" " ind2="3">
      <subfield code="a">prediction</subfield>
    </datafield>
    <datafield tag="650" ind1=" " ind2="3">
      <subfield code="a">remote sensing</subfield>
    </datafield>
    <datafield tag="650" ind1=" " ind2="3">
      <subfield code="a">spatial variation</subfield>
    </datafield>
    <datafield tag="651" ind1=" " ind2="3">
      <subfield code="a">South America</subfield>
    </datafield>
    <datafield tag="700" ind1="1" ind2=" ">
      <subfield code="a">Hurtt, G. C.</subfield>
      <subfield code="e">author</subfield>
      <subfield code="u">Complex Systems Research Center, Institute for the Study of Earth, Oceans,
        and Space, University of New Hampshire, Durham, New Hampshire 03824 USA</subfield>
    </datafield>
    <datafield tag="700" ind1="1" ind2=" ">
      <subfield code="a">Pacala, S. W.</subfield>
      <subfield code="e">author</subfield>
      <subfield code="u">Department of Ecology and Evolutionary Biology, Princeton University,
        Princeton, New Jersey 08544-1003 USA</subfield>
    </datafield>
    <datafield tag="773" ind1="0" ind2=" ">
      <subfield code="t">Ecological monographs.</subfield>
      <subfield code="g">2001 Nov., v. 71, no. 4 p.557-586</subfield>
      <subfield code="d">Ecological Society of America</subfield>
      <subfield code="x">0012-9615</subfield>
      <subfield code="7">nnas</subfield>
    </datafield>
    <datafield tag="787" ind1="1" ind2=" ">
      <subfield code="o">islandora_article_repository</subfield>
    </datafield>
    <datafield tag="787" ind1="1" ind2=" ">
      <subfield code="o">product_pubag</subfield>
    </datafield>
    <datafield tag="787" ind1="1" ind2=" ">
      <subfield code="o">(Journal)19342</subfield>
    </datafield>
    <datafield tag="852" ind1=" " ind2=" ">
      <subfield code="a">DNAL</subfield>
    </datafield>
    <datafield tag="856" ind1="4" ind2="0">
      <subfield code="u"
        >http://dx.doi.org/10.1890/0012-9615(2001)071%5B0557:AMFSVD%5D2.0.CO;2</subfield>
      <subfield code="3">Available from publisher's site</subfield>
    </datafield>
    <datafield tag="912" ind1=" " ind2=" ">
      <subfield code="a">Article</subfield>
    </datafield>
    <datafield tag="914" ind1=" " ind2=" ">
      <subfield code="a">Journal:19342</subfield>
    </datafield>
    <datafield tag="914" ind1=" " ind2=" ">
      <subfield code="f">Ecological monographs</subfield>
    </datafield>
    <datafield tag="916" ind1=" " ind2=" ">
      <subfield code="a">Batch:2277</subfield>
    </datafield>
    <datafield tag="917" ind1=" " ind2=" ">
      <subfield code="a">issued</subfield>
    </datafield>
    <datafield tag="918" ind1="2" ind2=" ">
      <subfield code="a">John Wiley &amp; Sons, Inc</subfield>
      <subfield code="e">provider</subfield>
      <subfield code="5">DNAL</subfield>
    </datafield>
    <datafield tag="935" ind1=" " ind2=" ">
      <subfield code="a">IND23246243</subfield>
      <subfield code="9">ExL</subfield>
    </datafield>
    <datafield tag="949" ind1=" " ind2=" ">
      <subfield code="a">2019-08-16</subfield>
    </datafield>
    <datafield tag="953" ind1=" " ind2=" ">
      <subfield code="a">00129615_2001_71_4.xml</subfield>
    </datafield>
    <datafield tag="962" ind1=" " ind2=" ">
      <subfield code="a">Batch:2277 reviewed on 2019-08-16T14:00:05Z</subfield>
    </datafield>
    <datafield tag="974" ind1=" " ind2=" ">
      <subfield code="a">agid:3786697</subfield>
    </datafield>
    <datafield tag="983" ind1=" " ind2=" ">
      <subfield code="a">2016-10-30</subfield>
    </datafield>
    <datafield tag="984" ind1=" " ind2=" ">
      <subfield code="a">2019-08-16</subfield>
    </datafield>
    <datafield tag="986" ind1=" " ind2=" ">
      <subfield code="a">3512639</subfield>
    </datafield>
  </record>