
  <record>
    <leader>03578nab a2200385 u 4500</leader>
    <controlfield tag="001">9916252571707426</controlfield>
    <controlfield tag="005">20221118033553.0</controlfield>
    <controlfield tag="008">151127e200601 xx |||||o|||||||||||eng||</controlfield>
    <datafield tag="016" ind1="7" ind2=" ">
      <subfield code="a">IND601304884</subfield>
      <subfield code="2">DNAL</subfield>
    </datafield>
    <datafield tag="024" ind1="7" ind2=" ">
      <subfield code="a">10.1894/0038-4909(2006)51[11:SDOBFB]2.0.CO;2</subfield>
      <subfield code="2">doi</subfield>
    </datafield>
    <datafield tag="035" ind1=" " ind2=" ">
      <subfield code="a">agid:1304884-01nal_inst</subfield>
    </datafield>
    <datafield tag="040" ind1=" " ind2=" ">
      <subfield code="a">AGL</subfield>
      <subfield code="b">eng</subfield>
      <subfield code="c">AGL</subfield>
    </datafield>
    <datafield tag="100" ind1="1" ind2=" ">
      <subfield code="a">Ortiz-Pulido, Raúúl</subfield>
      <subfield code="e">author</subfield>
      <subfield code="u">Departamento de Ecologíía Vegetal, Instituto de Ecologíía A.C., A.P. 63,
        Xalapa, Veracruz, 91000, Mééxico</subfield>
    </datafield>
    <datafield tag="245" ind1="1" ind2="0">
      <subfield code="a">Seed dispersal of bursera fagaroides (burseraceae): the effect of linking
        environmental factors</subfield>
    </datafield>
    <datafield tag="300" ind1=" " ind2=" ">
      <subfield code="a">p. 11-21.</subfield>
    </datafield>
    <datafield tag="520" ind1=" " ind2=" ">
      <subfield code="a">We studied the seed dispersal process of a population of Bursera fagaroides
        (Burseraceae) on the coast of the Gulf of Mexico by considering 1) all phases of the
        dispersal process (i.e., fruit removal, effect of seed passage through digestive tract, seed
        deposition, removal of seeds from the ground, germination, growth and survival of seedlings
        and adults, and seed set); 2) plant and animal components and their interaction; and 3)
        spatial variation in these components using different subpopulations. Hill aspect and
        surrounding microenvironment or habitat affected individuals of B. fagaroides, and this
        effect depended on life stage (seed, seedling, or adult). Seed germination was greater in
        moderately-shaded areas (below the perennial plant species Coccoloba barbadensis) than in
        relatively open sites (below B. fagaroides or on bare sand); seedlings grew less on sites in
        bright sunlight; adult individuals were not detected in highly-shaded places; and females
        inhabiting open sites (grassland) had more removed seeds than those of shaded areas
        (shrubland and dry forest). Vireo griseus and Dumetella carolinensis, the only species
        consuming fruits of B. fagaroides during our study, differed in their effect on seeds: seeds
        ingested by V. griseus did not germinate, whereas 17%% of seeds ingested by D. carolinensis
        germinated. Additionally, even though both bird species preferred the tropical dry forest,
        their foraging behavior differed. Vireo griseus was mostly found at mid-canopy height in
        tree-dominated sites, and D. carolinensis used the understory of shrubby areas; B.
        fagaroides does not inhabit tree-dominated sites. Our results indicated that there was no
        ““best”” place for a seed to land. What is suitable for a seed might not be optimal for a
        fruiting plant. Thus, patterns of seed dispersal are almost certainly altered by processes
        that happen long after seed deposition.</subfield>
    </datafield>
    <datafield tag="592" ind1=" " ind2=" ">
      <subfield code="a">Publisher supplied data</subfield>
    </datafield>
    <datafield tag="700" ind1="1" ind2=" ">
      <subfield code="a">Rico-Gray, Victor</subfield>
      <subfield code="e">author</subfield>
      <subfield code="u">Departamento de Ecologíía Vegetal, Instituto de Ecologíía A.C., A.P. 63,
        Xalapa, Veracruz, 91000, Mééxico</subfield>
    </datafield>
    <datafield tag="773" ind1="0" ind2=" ">
      <subfield code="t">Southwestern naturalist.</subfield>
      <subfield code="g">2006 Jan., v. 51, no. 1 p.11-21</subfield>
      <subfield code="d">Southwestern Association of Naturalists]</subfield>
      <subfield code="x">0038-4909</subfield>
      <subfield code="7">nnas</subfield>
    </datafield>
    <datafield tag="787" ind1="1" ind2=" ">
      <subfield code="o">islandora_article_repository</subfield>
    </datafield>
    <datafield tag="787" ind1="1" ind2=" ">
      <subfield code="o">(Journal)jnl46158</subfield>
    </datafield>
    <datafield tag="856" ind1="4" ind2="0">
      <subfield code="u"
        >http://dx.doi.org/10.1894%2F0038-4909%282006%2951%5B11%3ASDOBFB%5D2.0.CO%3B2</subfield>
      <subfield code="3">Available from publisher's site</subfield>
    </datafield>
    <datafield tag="912" ind1=" " ind2=" ">
      <subfield code="a">Article</subfield>
    </datafield>
    <datafield tag="914" ind1=" " ind2=" ">
      <subfield code="a">Journal:jnl46158</subfield>
      <subfield code="b">0038-4909</subfield>
      <subfield code="c">51</subfield>
      <subfield code="d">1</subfield>
      <subfield code="e">11</subfield>
    </datafield>
    <datafield tag="914" ind1=" " ind2=" ">
      <subfield code="f">Southwestern naturalist</subfield>
    </datafield>
    <datafield tag="917" ind1=" " ind2=" ">
      <subfield code="a">hold</subfield>
    </datafield>
    <datafield tag="918" ind1="2" ind2=" ">
      <subfield code="a">BioOne</subfield>
      <subfield code="e">provider</subfield>
      <subfield code="5">DNAL</subfield>
    </datafield>
    <datafield tag="935" ind1=" " ind2=" ">
      <subfield code="a">IND601304884</subfield>
      <subfield code="9">ExL</subfield>
    </datafield>
    <datafield tag="949" ind1=" " ind2=" ">
      <subfield code="a">2016-03-25</subfield>
    </datafield>
    <datafield tag="953" ind1=" " ind2=" ">
      <subfield code="a">SWNAv51i1-04290027-174837.zip</subfield>
    </datafield>
    <datafield tag="962" ind1=" " ind2=" ">
      <subfield code="a">Original article title in upper case</subfield>
    </datafield>
    <datafield tag="962" ind1=" " ind2=" ">
      <subfield code="a">Journal title changed from 'The Southwestern Naturalist'</subfield>
    </datafield>
    <datafield tag="974" ind1=" " ind2=" ">
      <subfield code="a">agid:1304884</subfield>
    </datafield>
    <datafield tag="983" ind1=" " ind2=" ">
      <subfield code="a">2015-11-27</subfield>
    </datafield>
    <datafield tag="984" ind1=" " ind2=" ">
      <subfield code="a">2015-11-27</subfield>
    </datafield>
  </record>