
  <record>
    <leader>02902nab a2200385 u 4500</leader>
    <controlfield tag="001">9916252729307426</controlfield>
    <controlfield tag="005">20221118034757.0</controlfield>
    <controlfield tag="008">151127e200612 xx |||||o|||||||||||eng||</controlfield>
    <datafield tag="016" ind1="7" ind2=" ">
      <subfield code="a">IND601304960</subfield>
      <subfield code="2">DNAL</subfield>
    </datafield>
    <datafield tag="024" ind1="7" ind2=" ">
      <subfield code="a">10.1894/0038-4909(2006)51[531:ACIBMA]2.0.CO;2</subfield>
      <subfield code="2">doi</subfield>
    </datafield>
    <datafield tag="035" ind1=" " ind2=" ">
      <subfield code="a">agid:1304960-01nal_inst</subfield>
    </datafield>
    <datafield tag="040" ind1=" " ind2=" ">
      <subfield code="a">AGL</subfield>
      <subfield code="b">eng</subfield>
      <subfield code="c">AGL</subfield>
    </datafield>
    <datafield tag="100" ind1="1" ind2=" ">
      <subfield code="a">Pasch, Bret S.</subfield>
      <subfield code="e">author</subfield>
      <subfield code="u">Wildlife Conservation and Management, School of Natural Resources,
        University of Arizona, Tucson, AZ 85721</subfield>
    </datafield>
    <datafield tag="245" ind1="1" ind2="0">
      <subfield code="a">Annual cycles in body mass and reproduction of chiricahua fox squirrels
        (sciurus nayaritensis chiricahuae)</subfield>
    </datafield>
    <datafield tag="300" ind1=" " ind2=" ">
      <subfield code="a">p. 531-535.</subfield>
    </datafield>
    <datafield tag="520" ind1=" " ind2=" ">
      <subfield code="a">The Chiricahua fox squirrel (Sciurus nayaritensis chiricahuae) is an
        uncommon subspecies endemic to the Chiricahua Mountains of southeastern Arizona. We
        monitored annual cycles of body mass and reproduction to elucidate factors shaping the
        ecology of the sexes. Body mass of adult males did not fluctuate seasonally, although males
        tended to be heavier in winter. Body mass of adult females fluctuated seasonally, with lower
        body masses in summer than winter. Males and females did not differ in body mass in summer
        and fall, but females were heavier than males in winter and spring. Males with scrotal
        testes were found in the population during all seasons, but were especially prevalent in
        winter and spring. The majority of lactating females were present in spring and summer.
        Annual cycles in reproduction and body mass of Chiricahua fox squirrels are similar to more
        widespread species of tree squirrels, although males did not exhibit typical body mass
        fluctuations. Extreme spatial and temporal fluctuations of food experienced by Chiricahua
        fox squirrels might result in annual patterns in space use and body mass that differ from
        tree squirrels living in forests with a greater abundance of food.</subfield>
    </datafield>
    <datafield tag="592" ind1=" " ind2=" ">
      <subfield code="a">Publisher supplied data</subfield>
    </datafield>
    <datafield tag="700" ind1="1" ind2=" ">
      <subfield code="a">Koprowski, John L.</subfield>
      <subfield code="e">author</subfield>
      <subfield code="u">Wildlife Conservation and Management, School of Natural Resources,
        University of Arizona, Tucson, AZ 85721</subfield>
    </datafield>
    <datafield tag="773" ind1="0" ind2=" ">
      <subfield code="t">Southwestern naturalist.</subfield>
      <subfield code="g">2006 Dec., v. 51, no. 4 p.531-535</subfield>
      <subfield code="d">The Southwestern Association of Naturalists Southern Illinois University
        Edwardsville</subfield>
      <subfield code="x">0038-4909</subfield>
      <subfield code="7">nnas</subfield>
    </datafield>
    <datafield tag="787" ind1="1" ind2=" ">
      <subfield code="o">islandora_article_repository</subfield>
    </datafield>
    <datafield tag="787" ind1="1" ind2=" ">
      <subfield code="o">(Journal)jnl46158</subfield>
    </datafield>
    <datafield tag="856" ind1="4" ind2="0">
      <subfield code="u"
        >http://dx.doi.org/10.1894%2F0038-4909%282006%2951%5B531%3AACIBMA%5D2.0.CO%3B2</subfield>
      <subfield code="3">Available from publisher's site</subfield>
    </datafield>
    <datafield tag="912" ind1=" " ind2=" ">
      <subfield code="a">Article</subfield>
    </datafield>
    <datafield tag="914" ind1=" " ind2=" ">
      <subfield code="a">Journal:jnl46158</subfield>
      <subfield code="b">0038-4909</subfield>
      <subfield code="c">51</subfield>
      <subfield code="d">4</subfield>
      <subfield code="e">531</subfield>
    </datafield>
    <datafield tag="914" ind1=" " ind2=" ">
      <subfield code="f">Southwestern naturalist</subfield>
    </datafield>
    <datafield tag="917" ind1=" " ind2=" ">
      <subfield code="a">hold</subfield>
    </datafield>
    <datafield tag="918" ind1="2" ind2=" ">
      <subfield code="a">BioOne</subfield>
      <subfield code="e">provider</subfield>
      <subfield code="5">DNAL</subfield>
    </datafield>
    <datafield tag="935" ind1=" " ind2=" ">
      <subfield code="a">IND601304960</subfield>
      <subfield code="9">ExL</subfield>
    </datafield>
    <datafield tag="949" ind1=" " ind2=" ">
      <subfield code="a">2016-03-25</subfield>
    </datafield>
    <datafield tag="953" ind1=" " ind2=" ">
      <subfield code="a">SWNAv51i4-04290027-174840.zip</subfield>
    </datafield>
    <datafield tag="962" ind1=" " ind2=" ">
      <subfield code="a">Original article title in upper case</subfield>
    </datafield>
    <datafield tag="962" ind1=" " ind2=" ">
      <subfield code="a">Journal title changed from 'The Southwestern Naturalist'</subfield>
    </datafield>
    <datafield tag="974" ind1=" " ind2=" ">
      <subfield code="a">agid:1304960</subfield>
    </datafield>
    <datafield tag="983" ind1=" " ind2=" ">
      <subfield code="a">2015-11-27</subfield>
    </datafield>
    <datafield tag="984" ind1=" " ind2=" ">
      <subfield code="a">2015-11-27</subfield>
    </datafield>
  </record>