
  <record>
    <leader>04423nab a2200589 u 4500</leader>
    <controlfield tag="001">9916253325207426</controlfield>
    <controlfield tag="005">20221118040227.0</controlfield>
    <controlfield tag="008">180102e200208 xx |||||o|||||||||||eng||</controlfield>
    <datafield tag="016" ind1="7" ind2=" ">
      <subfield code="a">IND605875094</subfield>
      <subfield code="2">DNAL</subfield>
    </datafield>
    <datafield tag="024" ind1="7" ind2=" ">
      <subfield code="a">10.1890/1051-0761(2002)012[1056:NAIROT]2.0.CO;2</subfield>
      <subfield code="2">doi</subfield>
    </datafield>
    <datafield tag="035" ind1=" " ind2=" ">
      <subfield code="a">agid:5875094-01nal_inst</subfield>
    </datafield>
    <datafield tag="040" ind1=" " ind2=" ">
      <subfield code="a">AGL</subfield>
      <subfield code="b">eng</subfield>
      <subfield code="c">AGL</subfield>
    </datafield>
    <datafield tag="100" ind1="1" ind2=" ">
      <subfield code="a">Catovsky, S.</subfield>
      <subfield code="e">author</subfield>
      <subfield code="u">Department of Organismic and Evolutionary Biology, Harvard University,
        Cambridge, Massachusetts 02138 USA</subfield>
    </datafield>
    <datafield tag="245" ind1="1" ind2="0">
      <subfield code="a">Nitrogen availability influences regeneration of temperate tree species in
        the understory seedling bank</subfield>
    </datafield>
    <datafield tag="300" ind1=" " ind2=" ">
      <subfield code="a">p. 1056-1070.</subfield>
    </datafield>
    <datafield tag="500" ind1=" " ind2=" ">
      <subfield code="a">JOURNAL ARTICLE</subfield>
    </datafield>
    <datafield tag="520" ind1=" " ind2=" ">
      <subfield code="a">While we have a good mechanistic understanding of effects of light
        availability on tree seedling regeneration in forests, we know little of the processes
        controlling seedling responses to changes in nutrient availability in the understory (low
        light). To examine how nitrogen availability may influence patterns of seedling regeneration
        in mixed temperate forests in eastern North America, we investigated nitrogen impacts on the
        dynamics of both coniferous and broad‐leaved tree species in the understory. In addition, we
        compared these regeneration responses across coniferous (eastern hemlock) and broad‐leaved
        (red oak) stand types. We applied nitrogen (0, 2.5, or 7.5 g·m⁻²·yr⁻¹) to replicated
        understory plots in three hemlock and three red oak dominated stands, and examined seedling
        survival and growth for three coniferous and three broad‐leaved species over two years.
        Nitrogen addition influenced different demographic stages in contrasting ways, leading to a
        complex series of seedling responses to increased nitrogen availability in the understory.
        Hemlock was the only species to show a positive survival response to nitrogen addition, and
        these effects only became apparent after the first growing season. In contrast, a suite of
        midsuccessional species (red maple, white pine, and red spruce) underwent nitrogen‐induced
        declines in survival, particularly at early stages of regeneration. Both successional
        position and species' habitat preferences emerged as better determinants of species'
        responses to nitrogen deposition in the understory than did leaf habit (coniferous vs.
        broad‐leaved). Effects were often, but not always, more marked in hemlock stands
        (characterized by very low light availability), suggesting nitrogen‐induced declines in
        seedling abundance were likely due to an imbalance between above‐ and belowground resources.
        In the present study, we have clearly demonstrated that nitrogen availability can be an
        important determinant of understory seedling bank dynamics in mixed temperate forests in
        eastern North America. Nitrogen‐induced changes in seedling performance in the understory
        will ultimately influence the spatial and temporal patterns of regeneration of these mixed
        forests.</subfield>
    </datafield>
    <datafield tag="592" ind1=" " ind2=" ">
      <subfield code="a">Publisher supplied data</subfield>
    </datafield>
    <datafield tag="593" ind1=" " ind2=" ">
      <subfield code="a">PubAg article</subfield>
    </datafield>
    <datafield tag="650" ind1=" " ind2="3">
      <subfield code="a">Acer rubrum</subfield>
    </datafield>
    <datafield tag="650" ind1=" " ind2="3">
      <subfield code="a">Picea</subfield>
    </datafield>
    <datafield tag="650" ind1=" " ind2="3">
      <subfield code="a">Tsuga canadensis</subfield>
    </datafield>
    <datafield tag="650" ind1=" " ind2="3">
      <subfield code="a">broadleaved trees</subfield>
    </datafield>
    <datafield tag="650" ind1=" " ind2="3">
      <subfield code="a">growing season</subfield>
    </datafield>
    <datafield tag="650" ind1=" " ind2="3">
      <subfield code="a">habitat preferences</subfield>
    </datafield>
    <datafield tag="650" ind1=" " ind2="3">
      <subfield code="a">leaves</subfield>
    </datafield>
    <datafield tag="650" ind1=" " ind2="3">
      <subfield code="a">mixed forests</subfield>
    </datafield>
    <datafield tag="650" ind1=" " ind2="3">
      <subfield code="a">nitrogen</subfield>
    </datafield>
    <datafield tag="650" ind1=" " ind2="3">
      <subfield code="a">nutrient availability</subfield>
    </datafield>
    <datafield tag="650" ind1=" " ind2="3">
      <subfield code="a">seedlings</subfield>
    </datafield>
    <datafield tag="650" ind1=" " ind2="3">
      <subfield code="a">temperate forests</subfield>
    </datafield>
    <datafield tag="650" ind1=" " ind2="3">
      <subfield code="a">understory</subfield>
    </datafield>
    <datafield tag="651" ind1=" " ind2="3">
      <subfield code="a">North America</subfield>
    </datafield>
    <datafield tag="700" ind1="1" ind2=" ">
      <subfield code="a">Bazzaz, F. A.</subfield>
      <subfield code="e">author</subfield>
      <subfield code="u">Department of Organismic and Evolutionary Biology, Harvard University,
        Cambridge, Massachusetts 02138 USA</subfield>
    </datafield>
    <datafield tag="773" ind1="0" ind2=" ">
      <subfield code="t">Ecological applications.</subfield>
      <subfield code="g">2002 Aug., v. 12, no. 4 p.1056-1070</subfield>
      <subfield code="d">Ecological Society of America</subfield>
      <subfield code="w">Journal:jnl47193</subfield>
      <subfield code="x">1051-0761</subfield>
      <subfield code="7">nnas</subfield>
    </datafield>
    <datafield tag="787" ind1="1" ind2=" ">
      <subfield code="o">islandora_article_repository</subfield>
    </datafield>
    <datafield tag="787" ind1="1" ind2=" ">
      <subfield code="o">product_pubag</subfield>
    </datafield>
    <datafield tag="787" ind1="1" ind2=" ">
      <subfield code="o">(Journal)jnl47193</subfield>
    </datafield>
    <datafield tag="856" ind1="4" ind2="0">
      <subfield code="u"
        >http://dx.doi.org/10.1890/1051-0761(2002)012%5B1056:NAIROT%5D2.0.CO;2</subfield>
      <subfield code="3">Available from publisher's site</subfield>
    </datafield>
    <datafield tag="912" ind1=" " ind2=" ">
      <subfield code="a">Article</subfield>
    </datafield>
    <datafield tag="914" ind1=" " ind2=" ">
      <subfield code="a">Journal:jnl47193</subfield>
      <subfield code="b">1051-0761</subfield>
      <subfield code="c">12</subfield>
      <subfield code="d">4</subfield>
      <subfield code="e">1056</subfield>
    </datafield>
    <datafield tag="914" ind1=" " ind2=" ">
      <subfield code="f">Ecological applications</subfield>
    </datafield>
    <datafield tag="916" ind1=" " ind2=" ">
      <subfield code="a">Batch:1909</subfield>
    </datafield>
    <datafield tag="917" ind1=" " ind2=" ">
      <subfield code="a">issued</subfield>
    </datafield>
    <datafield tag="918" ind1="2" ind2=" ">
      <subfield code="a">John Wiley &amp; Sons, Inc</subfield>
      <subfield code="e">provider</subfield>
      <subfield code="5">DNAL</subfield>
    </datafield>
    <datafield tag="935" ind1=" " ind2=" ">
      <subfield code="a">IND605875094</subfield>
      <subfield code="9">ExL</subfield>
    </datafield>
    <datafield tag="949" ind1=" " ind2=" ">
      <subfield code="a">2018-03-01</subfield>
    </datafield>
    <datafield tag="953" ind1=" " ind2=" ">
      <subfield code="a">10510761_2002_12_4.xml</subfield>
    </datafield>
    <datafield tag="962" ind1=" " ind2=" ">
      <subfield code="a">Batch:1909 reviewed on 2018-03-01T15:00:03Z</subfield>
    </datafield>
    <datafield tag="974" ind1=" " ind2=" ">
      <subfield code="a">agid:5875094</subfield>
    </datafield>
    <datafield tag="983" ind1=" " ind2=" ">
      <subfield code="a">2018-01-02</subfield>
    </datafield>
    <datafield tag="984" ind1=" " ind2=" ">
      <subfield code="a">2018-03-01</subfield>
    </datafield>
  </record>