
  <record>
    <leader>05210nab a2200769 u 4500</leader>
    <controlfield tag="001">9916254552207426</controlfield>
    <controlfield tag="005">20221118042723.0</controlfield>
    <controlfield tag="008">210627e202106 xx |||||o|||||||||||eng||</controlfield>
    <datafield tag="016" ind1="7" ind2=" ">
      <subfield code="a">IND607429062</subfield>
      <subfield code="2">DNAL</subfield>
    </datafield>
    <datafield tag="024" ind1="7" ind2=" ">
      <subfield code="a">10.1111/acv.12661</subfield>
      <subfield code="2">doi</subfield>
    </datafield>
    <datafield tag="035" ind1=" " ind2=" ">
      <subfield code="a">agid:7429062-01nal_inst</subfield>
    </datafield>
    <datafield tag="040" ind1=" " ind2=" ">
      <subfield code="a">AGL</subfield>
      <subfield code="b">eng</subfield>
      <subfield code="c">AGL</subfield>
    </datafield>
    <datafield tag="100" ind1="1" ind2=" ">
      <subfield code="a">Gaynor, K. M.</subfield>
      <subfield code="e">author</subfield>
      <subfield code="u">Department of Environmental Science, Policy, and Management, University of
        California Berkeley, Berkeley, CA, USA</subfield>
      <subfield code="1">https://orcid.org/0000-0002-5747-0543</subfield>
    </datafield>
    <datafield tag="245" ind1="1" ind2="0">
      <subfield code="a">Postwar wildlife recovery in an African savanna: evaluating patterns and
        drivers of species occupancy and richness</subfield>
    </datafield>
    <datafield tag="300" ind1=" " ind2=" ">
      <subfield code="a">p. 510-522.</subfield>
    </datafield>
    <datafield tag="500" ind1=" " ind2=" ">
      <subfield code="a">JOURNAL ARTICLE</subfield>
    </datafield>
    <datafield tag="520" ind1=" " ind2=" ">
      <subfield code="a">As local and global disturbances reshape African savannas, an understanding
        of how animal communities recover and respond to landscape features can inform conservation
        and restoration. Here, we explored the spatial ecology of a wildlife community in Gorongosa
        National Park, Mozambique, where conservation efforts have fostered the recovery of large
        mammal populations after their near‐extirpation during Mozambique’s civil war. We deployed a
        grid of 60 camera traps and used a hierarchical, multi‐species occupancy modeling approach
        to examine patterns of occupancy and its environmental and anthropogenic correlates for
        different functional groups and species. Our survey provides strong evidence that wildlife
        in Gorongosa is recovering. Throughout the study area, modeled species richness was
        comparable to richness in less‐disturbed savanna systems in Tanzania and Botswana, and
        exceeded estimates of richness from a mixed‐use landscape outside the park and from postwar
        (1997–2002) aerial surveys. However, the mammal community in Gorongosa differs from prewar
        conditions and from those of more intact systems, with few large carnivores, low occupancy
        probabilities for large ungulate species that were dominant prior to the war, and high
        occupancy for other ungulates that are now ubiquitous. Associations with tree cover varied
        among species and guilds. Contrary to our expectation, there was no effect of lake proximity
        on community and group‐level occupancy, and previously dominant floodplain ungulate species
        now occupy more wooded areas. Mammals were more likely to occupy areas that burned
        frequently, as post‐fire vegetation regrowth provides high‐quality forage, highlighting the
        importance of Gorongosa’s fire regime. Occupancy was lower in areas with more illegal
        hunting, and higher closer to roads, potentially because roads were established in areas of
        high wildlife density and facilitate animal movement. Continued multi‐species monitoring in
        Gorongosa can shed light on the different recovery trajectories of ungulate species and the
        consequences of ongoing large carnivore restoration, guiding conservation
        interventions.</subfield>
    </datafield>
    <datafield tag="592" ind1=" " ind2=" ">
      <subfield code="a">Publisher supplied data</subfield>
    </datafield>
    <datafield tag="593" ind1=" " ind2=" ">
      <subfield code="a">PubAg article</subfield>
    </datafield>
    <datafield tag="596" ind1=" " ind2=" ">
      <subfield code="c">Rufford Foundation</subfield>
    </datafield>
    <datafield tag="596" ind1=" " ind2=" ">
      <subfield code="c">Explorers Club Mamont Scholars Program</subfield>
    </datafield>
    <datafield tag="596" ind1=" " ind2=" ">
      <subfield code="c">Animal Behavior Society</subfield>
    </datafield>
    <datafield tag="596" ind1=" " ind2=" ">
      <subfield code="c">IdeaWild</subfield>
    </datafield>
    <datafield tag="596" ind1=" " ind2=" ">
      <subfield code="c">University of California Berkeley Center for African Studies Rocca
        Fellowship</subfield>
    </datafield>
    <datafield tag="596" ind1=" " ind2=" ">
      <subfield code="c">University of California Berkeley Institute for International
        Studies</subfield>
    </datafield>
    <datafield tag="596" ind1=" " ind2=" ">
      <subfield code="c">Sigma Xi Berkeley Chapter</subfield>
    </datafield>
    <datafield tag="596" ind1=" " ind2=" ">
      <subfield code="c">NSF Graduate Research Fellowship</subfield>
    </datafield>
    <datafield tag="650" ind1=" " ind2="3">
      <subfield code="a">cameras</subfield>
    </datafield>
    <datafield tag="650" ind1=" " ind2="3">
      <subfield code="a">carnivores</subfield>
    </datafield>
    <datafield tag="650" ind1=" " ind2="3">
      <subfield code="a">fire regime</subfield>
    </datafield>
    <datafield tag="650" ind1=" " ind2="3">
      <subfield code="a">floodplains</subfield>
    </datafield>
    <datafield tag="650" ind1=" " ind2="3">
      <subfield code="a">forage</subfield>
    </datafield>
    <datafield tag="650" ind1=" " ind2="3">
      <subfield code="a">lakes</subfield>
    </datafield>
    <datafield tag="650" ind1=" " ind2="3">
      <subfield code="a">landscapes</subfield>
    </datafield>
    <datafield tag="650" ind1=" " ind2="3">
      <subfield code="a">national parks</subfield>
    </datafield>
    <datafield tag="650" ind1=" " ind2="3">
      <subfield code="a">regrowth</subfield>
    </datafield>
    <datafield tag="650" ind1=" " ind2="3">
      <subfield code="a">savannas</subfield>
    </datafield>
    <datafield tag="650" ind1=" " ind2="3">
      <subfield code="a">species richness</subfield>
    </datafield>
    <datafield tag="650" ind1=" " ind2="3">
      <subfield code="a">trees</subfield>
    </datafield>
    <datafield tag="650" ind1=" " ind2="3">
      <subfield code="a">ungulates</subfield>
    </datafield>
    <datafield tag="650" ind1=" " ind2="3">
      <subfield code="a">wildlife</subfield>
    </datafield>
    <datafield tag="651" ind1=" " ind2="3">
      <subfield code="a">Botswana</subfield>
    </datafield>
    <datafield tag="651" ind1=" " ind2="3">
      <subfield code="a">Mozambique</subfield>
    </datafield>
    <datafield tag="651" ind1=" " ind2="3">
      <subfield code="a">Tanzania</subfield>
    </datafield>
    <datafield tag="700" ind1="1" ind2=" ">
      <subfield code="a">Daskin, J. H.</subfield>
      <subfield code="e">author</subfield>
      <subfield code="u">Division of Conservation and Classification, U.S. Fish and Wildlife
        Service, Falls Church, Virginia, USA</subfield>
    </datafield>
    <datafield tag="700" ind1="1" ind2=" ">
      <subfield code="a">Rich, L. N.</subfield>
      <subfield code="e">author</subfield>
      <subfield code="u">Department of Environmental Science, Policy, and Management, University of
        California Berkeley, Berkeley, CA, USA</subfield>
    </datafield>
    <datafield tag="700" ind1="1" ind2=" ">
      <subfield code="a">Brashares, J. S.</subfield>
      <subfield code="e">author</subfield>
      <subfield code="u">Department of Environmental Science, Policy, and Management, University of
        California Berkeley, Berkeley, CA, USA</subfield>
    </datafield>
    <datafield tag="773" ind1="0" ind2=" ">
      <subfield code="t">Animal conservation.</subfield>
      <subfield code="g">2021 June, v. 24, no. 3 p.510-522</subfield>
      <subfield code="d">John Wiley &amp; Sons, Ltd</subfield>
      <subfield code="w">Journal:jnl3774058</subfield>
      <subfield code="x">1367-9430</subfield>
      <subfield code="7">nnas</subfield>
    </datafield>
    <datafield tag="787" ind1="1" ind2=" ">
      <subfield code="o">islandora_article_repository</subfield>
    </datafield>
    <datafield tag="787" ind1="1" ind2=" ">
      <subfield code="o">product_pubag</subfield>
    </datafield>
    <datafield tag="787" ind1="1" ind2=" ">
      <subfield code="o">(Journal)jnl3774058</subfield>
    </datafield>
    <datafield tag="856" ind1="4" ind2="0">
      <subfield code="u">http://dx.doi.org/10.1111/acv.12661</subfield>
      <subfield code="3">Available from publisher's site</subfield>
    </datafield>
    <datafield tag="912" ind1=" " ind2=" ">
      <subfield code="a">Article</subfield>
    </datafield>
    <datafield tag="914" ind1=" " ind2=" ">
      <subfield code="a">Journal:jnl3774058</subfield>
      <subfield code="b">1367-9430</subfield>
      <subfield code="c">24</subfield>
      <subfield code="d">3</subfield>
      <subfield code="e">510</subfield>
    </datafield>
    <datafield tag="914" ind1=" " ind2=" ">
      <subfield code="f">Animal conservation</subfield>
    </datafield>
    <datafield tag="916" ind1=" " ind2=" ">
      <subfield code="a">Batch:10185</subfield>
    </datafield>
    <datafield tag="917" ind1=" " ind2=" ">
      <subfield code="a">issued</subfield>
    </datafield>
    <datafield tag="918" ind1="2" ind2=" ">
      <subfield code="a">John Wiley &amp; Sons, Inc</subfield>
      <subfield code="e">provider</subfield>
      <subfield code="5">DNAL</subfield>
    </datafield>
    <datafield tag="935" ind1=" " ind2=" ">
      <subfield code="a">IND607429062</subfield>
      <subfield code="9">ExL</subfield>
    </datafield>
    <datafield tag="949" ind1=" " ind2=" ">
      <subfield code="a">2022-02-22</subfield>
    </datafield>
    <datafield tag="952" ind1=" " ind2=" ">
      <subfield code="d">NAL-AP-2-clean</subfield>
    </datafield>
    <datafield tag="953" ind1=" " ind2=" ">
      <subfield code="a">/data/metadata/incoming/wiley/13679430_2021_24_3.xml</subfield>
    </datafield>
    <datafield tag="954" ind1=" " ind2=" ">
      <subfield code="a">file:/data/metadata/staging/wiley/13679430_2021_24_3.xml</subfield>
    </datafield>
    <datafield tag="955" ind1=" " ind2=" ">
      <subfield code="a">/data/metadata/staging/wiley/</subfield>
    </datafield>
    <datafield tag="974" ind1=" " ind2=" ">
      <subfield code="a">agid:7429062</subfield>
    </datafield>
    <datafield tag="983" ind1=" " ind2=" ">
      <subfield code="a">2021-06-27</subfield>
    </datafield>
    <datafield tag="984" ind1=" " ind2=" ">
      <subfield code="a">2022-02-18</subfield>
    </datafield>
  </record>