
  <record>
    <leader>03461nab a2200565 u 4500</leader>
    <controlfield tag="001">9916254603607426</controlfield>
    <controlfield tag="005">20221118043142.0</controlfield>
    <controlfield tag="008">080815e200808 xx |||||o|||||||||||eng||</controlfield>
    <datafield tag="016" ind1="7" ind2=" ">
      <subfield code="a">IND44089582</subfield>
      <subfield code="2">DNAL</subfield>
    </datafield>
    <datafield tag="024" ind1="7" ind2=" ">
      <subfield code="a">10.1111/j.0906-7590.2008.05396.x</subfield>
      <subfield code="2">doi</subfield>
    </datafield>
    <datafield tag="035" ind1=" " ind2=" ">
      <subfield code="a">agid:474414-01nal_inst</subfield>
    </datafield>
    <datafield tag="040" ind1=" " ind2=" ">
      <subfield code="a">AGL</subfield>
      <subfield code="b">eng</subfield>
      <subfield code="c">AGL</subfield>
    </datafield>
    <datafield tag="100" ind1="1" ind2=" ">
      <subfield code="a">VanDerWal, Jeremy</subfield>
    </datafield>
    <datafield tag="245" ind1="1" ind2="0">
      <subfield code="a">Three-dimensional mid-domain predictions: geometric constraints in North
        American amphibian, bird, mammal and tree species richness patterns</subfield>
    </datafield>
    <datafield tag="300" ind1=" " ind2=" ">
      <subfield code="a">p. 435-449.</subfield>
    </datafield>
    <datafield tag="500" ind1=" " ind2=" ">
      <subfield code="a">Includes references</subfield>
    </datafield>
    <datafield tag="500" ind1=" " ind2=" ">
      <subfield code="a">2019-12-06</subfield>
    </datafield>
    <datafield tag="520" ind1=" " ind2=" ">
      <subfield code="a">The "mid-domain effect" (MDE) has received much attention as a candidate
        explanation for patterns in species richness over large geographic areas. Mid-domain models
        generate a central peak in richness when species ranges are placed randomly within a bounded
        geographic area (i.e. the domain). Until now, domain limits have been described mostly in
        one-dimension, usually latitude or elevation, and only occasionally in two-dimensions. Here
        we test 1-D, 2-D and, for the first time, 3-D mid-domain models and assess the effects of
        geometric constraints on species richness in North American amphibian, bird, mammal and tree
        species. Using spatially lagged simultaneous autoregressive models, empirical richness was
        predicted quite well by the mid-domain predictions and the spatial autoregressive term
        (45-92% R²). However, our results show that empirical species richness peaks do deviate from
        those of the MDE predictions in 3 dimensions. Variation explained (R²) by MDE predictions
        generally increased with increasing mean range size of the different biotic groups (from
        amphibian, to tree, mammal and finally bird data), and decreased with increasing dimensions
        being accounted for in the models. The results suggest geometric constraints alone can
        explain much of the variation in species richness with elevation, specifically with respect
        to the larger-range taxa, birds and mammals. Our analysis addresses many of the recent
        methodological criticisms directed at studies testing the MDE, and our results support the
        hypothesis that species diversity patterns are influenced by geometric
        constraints.</subfield>
    </datafield>
    <datafield tag="593" ind1=" " ind2=" ">
      <subfield code="a">PubAg article</subfield>
    </datafield>
    <datafield tag="650" ind1=" " ind2="3">
      <subfield code="a">interspecific variation</subfield>
    </datafield>
    <datafield tag="650" ind1=" " ind2="3">
      <subfield code="a">amphibians</subfield>
    </datafield>
    <datafield tag="650" ind1=" " ind2="3">
      <subfield code="a">models</subfield>
    </datafield>
    <datafield tag="650" ind1=" " ind2="3">
      <subfield code="a">trees</subfield>
    </datafield>
    <datafield tag="650" ind1=" " ind2="3">
      <subfield code="a">species diversity</subfield>
    </datafield>
    <datafield tag="650" ind1=" " ind2="3">
      <subfield code="a">mammals</subfield>
    </datafield>
    <datafield tag="650" ind1=" " ind2="3">
      <subfield code="a">birds</subfield>
    </datafield>
    <datafield tag="650" ind1=" " ind2="3">
      <subfield code="a">prediction</subfield>
    </datafield>
    <datafield tag="653" ind1=" " ind2="0">
      <subfield code="a">species differences</subfield>
    </datafield>
    <datafield tag="700" ind1="1" ind2=" ">
      <subfield code="a">Murphy, Helen T.</subfield>
    </datafield>
    <datafield tag="700" ind1="1" ind2=" ">
      <subfield code="a">Lovett-Doust, Jon</subfield>
    </datafield>
    <datafield tag="773" ind1="0" ind2=" ">
      <subfield code="t">Ecography.</subfield>
      <subfield code="g">2008 Aug., v. 31, no. 4 p.435-449</subfield>
      <subfield code="d">Blackwell Publishing Ltd</subfield>
      <subfield code="x">0906-7590</subfield>
      <subfield code="7">nnas</subfield>
    </datafield>
    <datafield tag="787" ind1="1" ind2=" ">
      <subfield code="o">islandora_article_repository</subfield>
    </datafield>
    <datafield tag="787" ind1="1" ind2=" ">
      <subfield code="o">product_pubag</subfield>
    </datafield>
    <datafield tag="787" ind1="1" ind2=" ">
      <subfield code="o">(Journal)jnl3867072</subfield>
    </datafield>
    <datafield tag="852" ind1=" " ind2=" ">
      <subfield code="a">DNAL</subfield>
    </datafield>
    <datafield tag="856" ind1="4" ind2="0">
      <subfield code="u">http://dx.doi.org/10.1111/j.0906-7590.2008.05396.x</subfield>
    </datafield>
    <datafield tag="912" ind1=" " ind2=" ">
      <subfield code="a">Article</subfield>
    </datafield>
    <datafield tag="914" ind1=" " ind2=" ">
      <subfield code="a">Journal:jnl3867072</subfield>
      <subfield code="b">0906-7590</subfield>
      <subfield code="c">31</subfield>
      <subfield code="d">4</subfield>
      <subfield code="e">435</subfield>
    </datafield>
    <datafield tag="914" ind1=" " ind2=" ">
      <subfield code="f">Ecography</subfield>
    </datafield>
    <datafield tag="917" ind1=" " ind2=" ">
      <subfield code="a">issued</subfield>
    </datafield>
    <datafield tag="935" ind1=" " ind2=" ">
      <subfield code="a">IND44089582</subfield>
      <subfield code="9">ExL</subfield>
    </datafield>
    <datafield tag="949" ind1=" " ind2=" ">
      <subfield code="a">2013-08-14</subfield>
    </datafield>
    <datafield tag="962" ind1=" " ind2=" ">
      <subfield code="a">Journal ISSN is 1600-0587</subfield>
    </datafield>
    <datafield tag="962" ind1=" " ind2=" ">
      <subfield code="a">Batch:314 annotated on 2013-08-07T11:20:19Z</subfield>
    </datafield>
    <datafield tag="962" ind1=" " ind2=" ">
      <subfield code="a">Batch:314 reviewed on 2013-08-14T15:00:02Z</subfield>
    </datafield>
    <datafield tag="962" ind1=" " ind2=" ">
      <subfield code="a">Batch:314 reviewed on 2013-08-14T16:00:01Z</subfield>
    </datafield>
    <datafield tag="974" ind1=" " ind2=" ">
      <subfield code="a">agid:474414</subfield>
    </datafield>
    <datafield tag="984" ind1=" " ind2=" ">
      <subfield code="a">2008-09-05</subfield>
    </datafield>
    <datafield tag="985" ind1=" " ind2=" ">
      <subfield code="a">Converted from MARCXML to MODS version 3.4 using MARC21slim2MODS3-4.xsl
        (Revision 1.77 2012/03/23)</subfield>
    </datafield>
    <datafield tag="986" ind1=" " ind2=" ">
      <subfield code="a">4089582</subfield>
    </datafield>
  </record>