
  <record>
    <leader>03490nab a2200481 u 4500</leader>
    <controlfield tag="001">9916255514907426</controlfield>
    <controlfield tag="005">20221118045537.0</controlfield>
    <controlfield tag="008">151116e200706 xx |||||o|||||||||||eng||</controlfield>
    <datafield tag="016" ind1="7" ind2=" ">
      <subfield code="a">IND601286834</subfield>
      <subfield code="2">DNAL</subfield>
    </datafield>
    <datafield tag="024" ind1="7" ind2=" ">
      <subfield code="a">10.1644/06-MAMM-A-275R.1</subfield>
      <subfield code="2">doi</subfield>
    </datafield>
    <datafield tag="035" ind1=" " ind2=" ">
      <subfield code="a">agid:1286834-01nal_inst</subfield>
    </datafield>
    <datafield tag="040" ind1=" " ind2=" ">
      <subfield code="a">AGL</subfield>
      <subfield code="b">eng</subfield>
      <subfield code="c">AGL</subfield>
    </datafield>
    <datafield tag="100" ind1="1" ind2=" ">
      <subfield code="a">Swihart, Robert K.</subfield>
      <subfield code="e">author</subfield>
      <subfield code="u">Department of Forestry and Natural Resources, Purdue University, West
        Lafayette, IN 47907, USA (RKS, CER)</subfield>
    </datafield>
    <datafield tag="245" ind1="1" ind2="0">
      <subfield code="a">Testing the Generality of Patch and Landscape-Level Predictors of Tree
        Squirrel Occurrence at a Regional Scale</subfield>
    </datafield>
    <datafield tag="300" ind1=" " ind2=" ">
      <subfield code="a">p. 564-572.</subfield>
    </datafield>
    <datafield tag="520" ind1=" " ind2=" ">
      <subfield code="a">Few investigators have considered whether predictors of species occurrence
        from 1 locality are useful predictors in others, or how regional factors may constrain
        occurrence. We used landowner questionnaires over 6 regions in Indiana to test the
        performance of predictors from prior studies of more limited spatial extent. Logistic
        regression and classification tree models were constructed using data on 577 forest patches
        supplied by 362 landowners. Consistent with predictions, probability of occurrence of
        eastern gray squirrels (Sciurus carolinensis) was related positively to forest patch size
        and percent of forest in the surrounding landscape. Also, probability of occurrence of North
        American red squirrels (Tamiasciurus hudsonicus) was related positively to the presence of
        black walnut trees (Juglans nigra) and conifers in forest patches, and negatively to the
        presence of gray squirrels. Occurrence rates of S. carolinensis increased from north to
        south, whereas occurrence rates of T. hudsonicus increased from south to north and from west
        to east. Based on landowner perceptions, abundance of T. hudsonicus was more likely to
        increase in north and central regions, and to decline in patches with walnuts and at sites
        with longer periods of observation by landowners. Although less detailed than studies
        restricted to a particular locality, questionnaire data permit ecologists to test the
        generality of local findings and to further formulate and refine hypotheses about processes
        underlying large-scale patterns.</subfield>
    </datafield>
    <datafield tag="592" ind1=" " ind2=" ">
      <subfield code="a">Publisher supplied data</subfield>
    </datafield>
    <datafield tag="653" ind1=" " ind2="0">
      <subfield code="a">agriculture</subfield>
    </datafield>
    <datafield tag="653" ind1=" " ind2="0">
      <subfield code="a">eastern gray squirrel</subfield>
    </datafield>
    <datafield tag="653" ind1=" " ind2="0">
      <subfield code="a">forest</subfield>
    </datafield>
    <datafield tag="653" ind1=" " ind2="0">
      <subfield code="a">fragmentation</subfield>
    </datafield>
    <datafield tag="653" ind1=" " ind2="0">
      <subfield code="a">North American red squirrel</subfield>
    </datafield>
    <datafield tag="653" ind1=" " ind2="0">
      <subfield code="a">occurrence</subfield>
    </datafield>
    <datafield tag="653" ind1=" " ind2="0">
      <subfield code="a">scale</subfield>
    </datafield>
    <datafield tag="653" ind1=" " ind2="0">
      <subfield code="a">Sciurus carolinensis</subfield>
    </datafield>
    <datafield tag="653" ind1=" " ind2="0">
      <subfield code="a">Tamiasciurus hudsonicus</subfield>
    </datafield>
    <datafield tag="700" ind1="1" ind2=" ">
      <subfield code="a">Goheen, Jacob R.</subfield>
      <subfield code="e">author</subfield>
      <subfield code="u">Department of Zoology, University of Florida, Gainesville, FL 32611, USA
        (JRG)</subfield>
    </datafield>
    <datafield tag="700" ind1="1" ind2=" ">
      <subfield code="a">Schnelker, Sabrina A.</subfield>
      <subfield code="e">author</subfield>
      <subfield code="u">Colorado Division of Wildlife, 6060 Broadway, Denver, CO 80216, USA
        (SAS)</subfield>
    </datafield>
    <datafield tag="700" ind1="1" ind2=" ">
      <subfield code="a">Rizkalla, Carol E.</subfield>
      <subfield code="e">author</subfield>
      <subfield code="u">Department of Forestry and Natural Resources, Purdue University, West
        Lafayette, IN 47907, USA (RKS, CER)</subfield>
    </datafield>
    <datafield tag="773" ind1="0" ind2=" ">
      <subfield code="t">Journal of mammalogy.</subfield>
      <subfield code="g">2007 June, v. 88, no. 3 p.564-572</subfield>
      <subfield code="d">American Society of Mammalogists.</subfield>
      <subfield code="x">1545-1542</subfield>
      <subfield code="7">nnas</subfield>
    </datafield>
    <datafield tag="787" ind1="1" ind2=" ">
      <subfield code="o">islandora_article_repository</subfield>
    </datafield>
    <datafield tag="787" ind1="1" ind2=" ">
      <subfield code="o">(Journal)11623</subfield>
    </datafield>
    <datafield tag="856" ind1="4" ind2="0">
      <subfield code="u">http://dx.doi.org/10.1644%2F06-MAMM-A-275R.1</subfield>
      <subfield code="3">Available from publisher's site</subfield>
    </datafield>
    <datafield tag="912" ind1=" " ind2=" ">
      <subfield code="a">Article</subfield>
    </datafield>
    <datafield tag="914" ind1=" " ind2=" ">
      <subfield code="a">Journal:11623</subfield>
      <subfield code="b">1545-1542</subfield>
      <subfield code="c">88</subfield>
      <subfield code="d">3</subfield>
      <subfield code="e">564</subfield>
    </datafield>
    <datafield tag="914" ind1=" " ind2=" ">
      <subfield code="f">Journal of mammalogy</subfield>
    </datafield>
    <datafield tag="917" ind1=" " ind2=" ">
      <subfield code="a">hold</subfield>
    </datafield>
    <datafield tag="918" ind1="2" ind2=" ">
      <subfield code="a">BioOne</subfield>
      <subfield code="e">provider</subfield>
      <subfield code="5">DNAL</subfield>
    </datafield>
    <datafield tag="935" ind1=" " ind2=" ">
      <subfield code="a">IND601286834</subfield>
      <subfield code="9">ExL</subfield>
    </datafield>
    <datafield tag="953" ind1=" " ind2=" ">
      <subfield code="a">MAMMv88i3-04282055-172872.zip</subfield>
    </datafield>
    <datafield tag="974" ind1=" " ind2=" ">
      <subfield code="a">agid:1286834</subfield>
    </datafield>
    <datafield tag="983" ind1=" " ind2=" ">
      <subfield code="a">2015-11-16</subfield>
    </datafield>
    <datafield tag="984" ind1=" " ind2=" ">
      <subfield code="a">2015-11-16</subfield>
    </datafield>
  </record>