
  <record>
    <leader>03436nab a2200565 u 4500</leader>
    <controlfield tag="001">9916255681407426</controlfield>
    <controlfield tag="005">20221118045639.0</controlfield>
    <controlfield tag="008">191228e200107 xx |||||o|||||||||||eng||</controlfield>
    <datafield tag="016" ind1="7" ind2=" ">
      <subfield code="a">IND606683859</subfield>
      <subfield code="2">DNAL</subfield>
    </datafield>
    <datafield tag="024" ind1="7" ind2=" ">
      <subfield code="a">10.2136/sssaj2001.6541027x</subfield>
      <subfield code="2">doi</subfield>
    </datafield>
    <datafield tag="035" ind1=" " ind2=" ">
      <subfield code="a">agid:6683859-01nal_inst</subfield>
    </datafield>
    <datafield tag="040" ind1=" " ind2=" ">
      <subfield code="a">AGL</subfield>
      <subfield code="b">eng</subfield>
      <subfield code="c">AGL</subfield>
    </datafield>
    <datafield tag="100" ind1="1" ind2=" ">
      <subfield code="a">Vrugt, J. A.</subfield>
      <subfield code="e">author</subfield>
    </datafield>
    <datafield tag="245" ind1="1" ind2="0">
      <subfield code="a">Calibration of a Two-Dimensional Root Water Uptake Model</subfield>
    </datafield>
    <datafield tag="300" ind1=" " ind2=" ">
      <subfield code="a">p. 1027-1037.</subfield>
    </datafield>
    <datafield tag="500" ind1=" " ind2=" ">
      <subfield code="a">epub</subfield>
    </datafield>
    <datafield tag="520" ind1=" " ind2=" ">
      <subfield code="a">Although solutions of multidimensional transient water flow can be obtained
        by numerical modeling, their application may be limited in part as root water uptake is
        generally considered to be one-dimensional only. The objective of this study was to develop
        and test a two-dimensional root water uptake model, which can be incorporated into numerical
        multidimensional flow models. The two-dimensional uptake model is based on the model by
        Raats, but is extended with a radial component. Subsequently, the root water uptake model
        was incorporated into a two-dimensional flow model, and root water uptake parameters were
        optimized, minimizing the residuals between measured and simulated water content data. Water
        content was measured around a sprinkler-irrigated almond tree (Prunus laurocerasus M.J.Roem)
        for a 16-d period at 25 locations, following irrigation. To calibrate the flow and root
        water uptake model, a genetic algorithm (GA) was used to find the approximate global minimum
        of the optimized parameter space. The final fitting parameters were determined using the
        Simplex algorithm (SA). With the optimized root water uptake parameters, simulated and
        measured water contents during the 16-d period were in excellent agreement, with R ² values
        generally ranging between 0.94 and 0.99 and a root mean squared error (RMSE) of 0.015 m³ m⁻³
        The developed root water uptake model is extremely flexible and allows spatial variations of
        water uptake as influenced by nonuniform (drip irrigation) and uniform water application
        patterns.</subfield>
    </datafield>
    <datafield tag="592" ind1=" " ind2=" ">
      <subfield code="a">Publisher supplied data</subfield>
    </datafield>
    <datafield tag="593" ind1=" " ind2=" ">
      <subfield code="a">PubAg article</subfield>
    </datafield>
    <datafield tag="650" ind1=" " ind2="3">
      <subfield code="a">Prunus dulcis</subfield>
    </datafield>
    <datafield tag="650" ind1=" " ind2="3">
      <subfield code="a">Prunus laurocerasus</subfield>
    </datafield>
    <datafield tag="650" ind1=" " ind2="3">
      <subfield code="a">algorithms</subfield>
    </datafield>
    <datafield tag="650" ind1=" " ind2="3">
      <subfield code="a">mathematical models</subfield>
    </datafield>
    <datafield tag="650" ind1=" " ind2="3">
      <subfield code="a">microirrigation</subfield>
    </datafield>
    <datafield tag="650" ind1=" " ind2="3">
      <subfield code="a">sprinkler irrigation</subfield>
    </datafield>
    <datafield tag="650" ind1=" " ind2="3">
      <subfield code="a">water content</subfield>
    </datafield>
    <datafield tag="650" ind1=" " ind2="3">
      <subfield code="a">water flow</subfield>
    </datafield>
    <datafield tag="650" ind1=" " ind2="3">
      <subfield code="a">water uptake</subfield>
    </datafield>
    <datafield tag="700" ind1="1" ind2=" ">
      <subfield code="a">Hopmans, J. W.</subfield>
      <subfield code="e">author</subfield>
    </datafield>
    <datafield tag="700" ind1="1" ind2=" ">
      <subfield code="a">Šimunek, J.</subfield>
      <subfield code="e">author</subfield>
    </datafield>
    <datafield tag="773" ind1="0" ind2=" ">
      <subfield code="t">Soil Science Society of America journal.</subfield>
      <subfield code="g">2001 July, v. 65, no. 4 p.1027-1037</subfield>
      <subfield code="d">Soil Science Society</subfield>
      <subfield code="w">Journal:jnl44580</subfield>
      <subfield code="x">0361-5995</subfield>
      <subfield code="7">nnas</subfield>
    </datafield>
    <datafield tag="787" ind1="1" ind2=" ">
      <subfield code="o">islandora_article_repository</subfield>
    </datafield>
    <datafield tag="787" ind1="1" ind2=" ">
      <subfield code="o">product_pubag</subfield>
    </datafield>
    <datafield tag="787" ind1="1" ind2=" ">
      <subfield code="o">(Journal)jnl44580</subfield>
    </datafield>
    <datafield tag="856" ind1="4" ind2="0">
      <subfield code="u">https://dx.doi.org/10.2136/sssaj2001.6541027x</subfield>
      <subfield code="3">Available from publisher's site</subfield>
    </datafield>
    <datafield tag="912" ind1=" " ind2=" ">
      <subfield code="a">Article</subfield>
    </datafield>
    <datafield tag="914" ind1=" " ind2=" ">
      <subfield code="a">Journal:jnl44580</subfield>
      <subfield code="b">1435-0661</subfield>
      <subfield code="c">65</subfield>
      <subfield code="d">4</subfield>
      <subfield code="e">1027</subfield>
    </datafield>
    <datafield tag="914" ind1=" " ind2=" ">
      <subfield code="f">Soil Science Society of America journal</subfield>
    </datafield>
    <datafield tag="916" ind1=" " ind2=" ">
      <subfield code="a">Batch:2432</subfield>
    </datafield>
    <datafield tag="917" ind1=" " ind2=" ">
      <subfield code="a">issued</subfield>
    </datafield>
    <datafield tag="918" ind1="2" ind2=" ">
      <subfield code="a">ACSESS</subfield>
      <subfield code="e">provider</subfield>
      <subfield code="5">DNAL</subfield>
    </datafield>
    <datafield tag="935" ind1=" " ind2=" ">
      <subfield code="a">IND606683859</subfield>
      <subfield code="9">ExL</subfield>
    </datafield>
    <datafield tag="949" ind1=" " ind2=" ">
      <subfield code="a">2020-04-14</subfield>
    </datafield>
    <datafield tag="953" ind1=" " ind2=" ">
      <subfield code="a">/data/metadata/incoming/acsess_backfiles/sssaj_fixed.xml</subfield>
    </datafield>
    <datafield tag="954" ind1=" " ind2=" ">
      <subfield code="a">file:/data/metadata/staging/acsess_backfiles/sssaj_fixed.xml</subfield>
    </datafield>
    <datafield tag="955" ind1=" " ind2=" ">
      <subfield code="a">/data/metadata/staging/acsess_backfiles/</subfield>
    </datafield>
    <datafield tag="962" ind1=" " ind2=" ">
      <subfield code="a">Batch:2432 reviewed on 2020-04-14T09:00:03Z</subfield>
    </datafield>
    <datafield tag="974" ind1=" " ind2=" ">
      <subfield code="a">agid:6683859</subfield>
    </datafield>
    <datafield tag="983" ind1=" " ind2=" ">
      <subfield code="a">2019-12-28</subfield>
    </datafield>
    <datafield tag="984" ind1=" " ind2=" ">
      <subfield code="a">2020-04-14</subfield>
    </datafield>
  </record>