
  <record>
    <leader>06054nab a2200817 u 4500</leader>
    <controlfield tag="001">9916255884307426</controlfield>
    <controlfield tag="005">20221118051045.0</controlfield>
    <controlfield tag="008">190705e20181101xx |||||o|||||||||||eng||</controlfield>
    <datafield tag="016" ind1="7" ind2=" ">
      <subfield code="a">IND605985320</subfield>
      <subfield code="2">DNAL</subfield>
    </datafield>
    <datafield tag="024" ind1="7" ind2=" ">
      <subfield code="a">10.1016/j.foreco.2018.05.013</subfield>
      <subfield code="2">chorus</subfield>
    </datafield>
    <datafield tag="024" ind1="7" ind2=" ">
      <subfield code="a">10.1016/j.foreco.2018.05.013</subfield>
      <subfield code="2">doi</subfield>
    </datafield>
    <datafield tag="035" ind1=" " ind2=" ">
      <subfield code="a">agid:5985320-01nal_inst</subfield>
    </datafield>
    <datafield tag="040" ind1=" " ind2=" ">
      <subfield code="a">AGL</subfield>
      <subfield code="b">eng</subfield>
      <subfield code="c">AGL</subfield>
    </datafield>
    <datafield tag="100" ind1="1" ind2=" ">
      <subfield code="a">Crotteau, Justin S.</subfield>
      <subfield code="e">author</subfield>
      <subfield code="u">W.A. Franke College of Forestry and Conservation, University of Montana, 32
        Campus Dr., Missoula, MT 59812, USA</subfield>
    </datafield>
    <datafield tag="245" ind1="1" ind2="0">
      <subfield code="a">Stand dynamics 11 years after retention harvest in a lodgepole pine
        forest</subfield>
    </datafield>
    <datafield tag="300" ind1=" " ind2=" ">
      <subfield code="a">p. 169-181.</subfield>
    </datafield>
    <datafield tag="500" ind1=" " ind2=" ">
      <subfield code="a">2019-12-06</subfield>
    </datafield>
    <datafield tag="506" ind1=" " ind2=" ">
      <subfield code="a">Resource is Open Access</subfield>
      <subfield code="u">http://purl.org/eprint/accessRights/OpenAccess</subfield>
      <subfield code="f">Unrestricted online access</subfield>
      <subfield code="2">star</subfield>
    </datafield>
    <datafield tag="506" ind1=" " ind2=" ">
      <subfield code="a">CHORUS License Information</subfield>
      <subfield code="f">Unrestricted online access</subfield>
      <subfield code="2">star</subfield>
    </datafield>
    <datafield tag="520" ind1=" " ind2=" ">
      <subfield code="a">Structurally diverse forests provide resilience to an array of disturbances
        and are a mainstay of multiple-resource management. Silviculture based on natural
        disturbance can increase structural heterogeneity while providing other ecological and
        economic benefits. One useful silvicultural tool for promoting structural heterogeneity is
        retention harvesting, whereby a portion of forest stands are left unlogged, transitioning
        even-aged stands to multi-aged. We report stand and tree dynamics 11 years after retention
        harvest in a central Montana Rocky Mountain lodgepole pine forest with evidence for a
        mixed-severity fire regime. Treatments were implemented on 16 experimental units with
        prescriptions for two 50% overstory basal area retention patterns (Aggregated and Dispersed)
        crossed with two levels of prescribed fire use (Burned and Unburned). The aim of this study
        was to identify (1) how retention harvest spatial pattern affects stand dynamics, (2) if
        stand dynamics after retention treatments are more simply attributable to tree size and
        competition, or if retention pattern affects dynamics beyond those measures, and (3) how
        stem and basal area heterogeneity varied over the 11-year measurement period. Retention
        pattern affected overstory density, growth, mortality, and regeneration density and
        stocking. After controlling for the fine-scale factors of tree size and competition,
        overstory mortality, regeneration stocking, and regeneration height growth did not vary by
        treatment-scale factors. Fine-scaled factors explained significant variation in overstory
        basal area growth, but at the scale of experimental units, growth was also greater in
        Dispersed treatments. Prescribed burning interacted with retention pattern to influence
        overstory tree growth, increased overstory mortality, and increased regeneration height
        growth. Overstory heterogeneity (e.g., in basal area) degraded more rapidly in treatments
        with the Dispersed spatial pattern than Aggregated. This study evaluates novel silvicultural
        treatments in a lodgepole pine forest and highlights the tradeoffs between retention
        patterns combined with broadcast burning on forest change. Our results are useful for
        planning silvicultural treatments in multiple-use forests designed to promote structural
        complexity and resilience to disturbances.</subfield>
    </datafield>
    <datafield tag="592" ind1=" " ind2=" ">
      <subfield code="a">Publisher supplied data</subfield>
    </datafield>
    <datafield tag="593" ind1=" " ind2=" ">
      <subfield code="a">PubAg article</subfield>
    </datafield>
    <datafield tag="596" ind1=" " ind2=" ">
      <subfield code="c">U.S. Forest Service</subfield>
      <subfield code="d">https://doi.org/10.13039/100006959</subfield>
    </datafield>
    <datafield tag="650" ind1=" " ind2="3">
      <subfield code="a">harvesting</subfield>
    </datafield>
    <datafield tag="650" ind1=" " ind2="3">
      <subfield code="a">tree growth</subfield>
    </datafield>
    <datafield tag="650" ind1=" " ind2="3">
      <subfield code="a">planning</subfield>
    </datafield>
    <datafield tag="650" ind1=" " ind2="3">
      <subfield code="a">prescribed burning</subfield>
    </datafield>
    <datafield tag="650" ind1=" " ind2="3">
      <subfield code="a">Pinus contorta var. latifolia</subfield>
    </datafield>
    <datafield tag="650" ind1=" " ind2="3">
      <subfield code="a">coniferous forests</subfield>
    </datafield>
    <datafield tag="650" ind1=" " ind2="3">
      <subfield code="a">financial economics</subfield>
    </datafield>
    <datafield tag="650" ind1=" " ind2="3">
      <subfield code="a">silviculture</subfield>
    </datafield>
    <datafield tag="650" ind1=" " ind2="3">
      <subfield code="a">forest stands</subfield>
    </datafield>
    <datafield tag="650" ind1=" " ind2="3">
      <subfield code="a">fire regime</subfield>
    </datafield>
    <datafield tag="650" ind1=" " ind2="3">
      <subfield code="a">trees</subfield>
    </datafield>
    <datafield tag="650" ind1=" " ind2="3">
      <subfield code="a">even-aged stands</subfield>
    </datafield>
    <datafield tag="650" ind1=" " ind2="3">
      <subfield code="a">stand basal area</subfield>
    </datafield>
    <datafield tag="650" ind1=" " ind2="3">
      <subfield code="a">mortality</subfield>
    </datafield>
    <datafield tag="650" ind1=" " ind2="3">
      <subfield code="a">overstory</subfield>
    </datafield>
    <datafield tag="651" ind1=" " ind2="3">
      <subfield code="a">Montana</subfield>
    </datafield>
    <datafield tag="653" ind1=" " ind2="0">
      <subfield code="a">Mixed-severity fire</subfield>
    </datafield>
    <datafield tag="653" ind1=" " ind2="0">
      <subfield code="a">Northern Rocky Mountains</subfield>
    </datafield>
    <datafield tag="653" ind1=" " ind2="0">
      <subfield code="a">Aggregated versus Dispersed pattern</subfield>
    </datafield>
    <datafield tag="653" ind1=" " ind2="0">
      <subfield code="a">basal area</subfield>
    </datafield>
    <datafield tag="653" ind1=" " ind2="0">
      <subfield code="a">Structural complexity</subfield>
    </datafield>
    <datafield tag="653" ind1=" " ind2="0">
      <subfield code="a">Multi-aged silviculture</subfield>
    </datafield>
    <datafield tag="700" ind1="1" ind2=" ">
      <subfield code="a">Keyes, Christopher R.</subfield>
      <subfield code="e">author</subfield>
      <subfield code="u">W.A. Franke College of Forestry and Conservation, University of Montana, 32
        Campus Dr., Missoula, MT 59812, USA</subfield>
    </datafield>
    <datafield tag="700" ind1="1" ind2=" ">
      <subfield code="a">Hood, Sharon M.</subfield>
      <subfield code="e">author</subfield>
      <subfield code="u">Fire, Fuel, and Smoke Science Program, Rocky Mountain Research Station,
        USDA Forest Service, 5775 Highway 10 W, Missoula, MT 59808, USA</subfield>
    </datafield>
    <datafield tag="700" ind1="1" ind2=" ">
      <subfield code="a">Larson, Andrew J.</subfield>
      <subfield code="e">author</subfield>
      <subfield code="u">W.A. Franke College of Forestry and Conservation, University of Montana, 32
        Campus Dr., Missoula, MT 59812, USA</subfield>
    </datafield>
    <datafield tag="700" ind1="1" ind2=" ">
      <subfield code="a">Sutherland, Elaine Kennedy</subfield>
      <subfield code="e">author</subfield>
      <subfield code="u">Forest and Woodland Ecosystems Program, Rocky Mountain Research Station,
        USDA Forest Service, 800 E Beckwith Ave., Missoula, MT 59801, USA</subfield>
      <subfield code="1">https://orcid.org/0000-0002-9544-8208</subfield>
    </datafield>
    <datafield tag="700" ind1="1" ind2=" ">
      <subfield code="a">Wright, David K.</subfield>
      <subfield code="e">author</subfield>
      <subfield code="u">Forest and Woodland Ecosystems Program, Rocky Mountain Research Station,
        USDA Forest Service, 800 E Beckwith Ave., Missoula, MT 59801, USA</subfield>
    </datafield>
    <datafield tag="700" ind1="1" ind2=" ">
      <subfield code="a">Egan, Joel M.</subfield>
      <subfield code="e">author</subfield>
      <subfield code="u">Forest Health and Protection, USDA Forest Service, 200 E Broadway,
        Missoula, MT 59807, USA</subfield>
    </datafield>
    <datafield tag="773" ind1="0" ind2=" ">
      <subfield code="t">Forest ecology and management.</subfield>
      <subfield code="g">2018 Nov. 01, v. 427 p.169-181</subfield>
      <subfield code="d">Elsevier B.V.</subfield>
      <subfield code="a">Elsevier B.V.</subfield>
      <subfield code="w">Journal:jnl9013</subfield>
      <subfield code="x">0378-1127</subfield>
      <subfield code="7">nnas</subfield>
    </datafield>
    <datafield tag="787" ind1="1" ind2=" ">
      <subfield code="o">islandora_article_repository</subfield>
    </datafield>
    <datafield tag="787" ind1="1" ind2=" ">
      <subfield code="o">product_pubag</subfield>
    </datafield>
    <datafield tag="787" ind1="1" ind2=" ">
      <subfield code="o">(Journal)jnl9013</subfield>
    </datafield>
    <datafield tag="856" ind1="4" ind2="0">
      <subfield code="u">https://dx.doi.org/10.1016/j.foreco.2018.05.013</subfield>
      <subfield code="3">Available from publisher's site</subfield>
    </datafield>
    <datafield tag="912" ind1=" " ind2=" ">
      <subfield code="a">Article</subfield>
    </datafield>
    <datafield tag="914" ind1=" " ind2=" ">
      <subfield code="a">Journal:jnl9013</subfield>
      <subfield code="b">0378-1127</subfield>
      <subfield code="c">427</subfield>
      <subfield code="e">169</subfield>
    </datafield>
    <datafield tag="914" ind1=" " ind2=" ">
      <subfield code="f">Forest ecology and management</subfield>
    </datafield>
    <datafield tag="916" ind1=" " ind2=" ">
      <subfield code="a">Batch:2026</subfield>
    </datafield>
    <datafield tag="917" ind1=" " ind2=" ">
      <subfield code="a">issued</subfield>
    </datafield>
    <datafield tag="918" ind1="2" ind2=" ">
      <subfield code="a">Elsevier Consyn</subfield>
      <subfield code="e">provider</subfield>
      <subfield code="5">DNAL</subfield>
    </datafield>
    <datafield tag="935" ind1=" " ind2=" ">
      <subfield code="a">IND605985320</subfield>
      <subfield code="9">ExL</subfield>
    </datafield>
    <datafield tag="949" ind1=" " ind2=" ">
      <subfield code="a">2019-07-05</subfield>
    </datafield>
    <datafield tag="953" ind1=" " ind2=" ">
      <subfield code="a">/data/metadata/incoming/consyn/312824969022718811-00002-HEAD-ONLY-NEW
        CONSYN ISSNS.zip</subfield>
    </datafield>
    <datafield tag="954" ind1=" " ind2=" ">
      <subfield code="a">file:/data/metadata/staging/consyn/S037811271830224X.xml</subfield>
    </datafield>
    <datafield tag="955" ind1=" " ind2=" ">
      <subfield code="a">/data/metadata/staging/consyn/</subfield>
    </datafield>
    <datafield tag="961" ind1=" " ind2=" ">
      <subfield code="a">USDA/FS</subfield>
    </datafield>
    <datafield tag="974" ind1=" " ind2=" ">
      <subfield code="a">agid:5985320</subfield>
    </datafield>
    <datafield tag="983" ind1=" " ind2=" ">
      <subfield code="a">2019-07-05</subfield>
    </datafield>
    <datafield tag="984" ind1=" " ind2=" ">
      <subfield code="a">2022-09-06</subfield>
    </datafield>
  </record>