
  <record>
    <leader>04357nab a2200637 u 4500</leader>
    <controlfield tag="001">9916255884507426</controlfield>
    <controlfield tag="005">20221118050932.0</controlfield>
    <controlfield tag="008">190705e20180915xx |||||o|||||||||||eng||</controlfield>
    <datafield tag="016" ind1="7" ind2=" ">
      <subfield code="a">IND605985321</subfield>
      <subfield code="2">DNAL</subfield>
    </datafield>
    <datafield tag="024" ind1="7" ind2=" ">
      <subfield code="a">10.1016/j.foreco.2018.04.050</subfield>
      <subfield code="2">doi</subfield>
    </datafield>
    <datafield tag="035" ind1=" " ind2=" ">
      <subfield code="a">agid:5985321-01nal_inst</subfield>
    </datafield>
    <datafield tag="040" ind1=" " ind2=" ">
      <subfield code="a">AGL</subfield>
      <subfield code="b">eng</subfield>
      <subfield code="c">AGL</subfield>
    </datafield>
    <datafield tag="100" ind1="1" ind2=" ">
      <subfield code="a">Abellanas, Begoña</subfield>
      <subfield code="e">author</subfield>
    </datafield>
    <datafield tag="245" ind1="1" ind2="0">
      <subfield code="a">Assessing spatial dynamics of a Pinus nigra subsp. salzmannii natural stand
        combining point and polygon patterns analysis</subfield>
    </datafield>
    <datafield tag="300" ind1=" " ind2=" ">
      <subfield code="a">p. 136-153.</subfield>
    </datafield>
    <datafield tag="520" ind1=" " ind2=" ">
      <subfield code="a">This study analyzes the structure and regeneration dynamics of a
        Mediterranean high-altitude natural pine forest (Pinus nigra subsp. salzmannii) located in
        Sierra de Cazorla (Jaén, Spain). Spatial relationships among the adult tree overstory and
        understory strata are investigated in order to clarify the spatial dynamics of this unique
        forest stand. As regards the understory strata, we examine shrubs and pine recruitment
        separately. Both understory strata are better described by the area they occupy than by
        their constituent individuals. This approach invalidates using traditional spatial point
        pattern analysis with indicators such as the K-function, which only deal with vector data of
        the same dimension (points, lines or polygons). We use a recently developed approach in
        spatial association analysis to investigate spatial association between adult tree overstory
        (points) and understory strata (polygons) from both global and local spatial insights.
        Tree-stand overstory has been investigated regarding size and spatial tree-stand structure
        considering adult trees as points. The results show that the pine stand presents an
        irregular and uneven-aged structure of trees due to the effective and gradual recruitment of
        new trees over time, even if the forest cover is quite low. Spatial analysis of the
        overstory and understory relationship has shown a mainly attractive spatial relationship
        between the pine overstory and the pine regeneration understory, with seedling patches more
        likely to appear in the neighborhood of adult trees than away from them. In contrast, shrub
        patches presented a repelling location in relation with adult trees, and were less abundant
        near the pines than far from them. Shade intolerance of shrub species could account for this
        finding. The spatial relationship among shrubs and pine recruitment turned out to be clearly
        mutually exclusive in our study. Global and local spatial analysis using indices of
        point-polygon spatial assessment has proven to be a good tool to elucidate relationships
        among different forest stand strata.</subfield>
    </datafield>
    <datafield tag="592" ind1=" " ind2=" ">
      <subfield code="a">Publisher supplied data</subfield>
    </datafield>
    <datafield tag="593" ind1=" " ind2=" ">
      <subfield code="a">PubAg article</subfield>
    </datafield>
    <datafield tag="650" ind1=" " ind2="3">
      <subfield code="a">Pinus nigra subsp. salzmannii</subfield>
    </datafield>
    <datafield tag="650" ind1=" " ind2="3">
      <subfield code="a">altitude</subfield>
    </datafield>
    <datafield tag="650" ind1=" " ind2="3">
      <subfield code="a">coniferous forests</subfield>
    </datafield>
    <datafield tag="650" ind1=" " ind2="3">
      <subfield code="a">forest stands</subfield>
    </datafield>
    <datafield tag="650" ind1=" " ind2="3">
      <subfield code="a">mature plants</subfield>
    </datafield>
    <datafield tag="650" ind1=" " ind2="3">
      <subfield code="a">overstory</subfield>
    </datafield>
    <datafield tag="650" ind1=" " ind2="3">
      <subfield code="a">seedlings</subfield>
    </datafield>
    <datafield tag="650" ind1=" " ind2="3">
      <subfield code="a">shade tolerance</subfield>
    </datafield>
    <datafield tag="650" ind1=" " ind2="3">
      <subfield code="a">shrubs</subfield>
    </datafield>
    <datafield tag="650" ind1=" " ind2="3">
      <subfield code="a">trees</subfield>
    </datafield>
    <datafield tag="650" ind1=" " ind2="3">
      <subfield code="a">understory</subfield>
    </datafield>
    <datafield tag="650" ind1=" " ind2="3">
      <subfield code="a">vector data</subfield>
    </datafield>
    <datafield tag="651" ind1=" " ind2="3">
      <subfield code="a">Spain</subfield>
    </datafield>
    <datafield tag="653" ind1=" " ind2="0">
      <subfield code="a">Forest spatial dynamics</subfield>
    </datafield>
    <datafield tag="653" ind1=" " ind2="0">
      <subfield code="a">Local and global spatial indicators</subfield>
    </datafield>
    <datafield tag="653" ind1=" " ind2="0">
      <subfield code="a">Point-polygon pattern analysis. Pine regeneration</subfield>
    </datafield>
    <datafield tag="653" ind1=" " ind2="0">
      <subfield code="a">Pinus nigra subsp. salzmannii</subfield>
    </datafield>
    <datafield tag="653" ind1=" " ind2="0">
      <subfield code="a">Open mountain forest</subfield>
    </datafield>
    <datafield tag="700" ind1="1" ind2=" ">
      <subfield code="a">Pérez-Moreno, PedroJosé</subfield>
      <subfield code="e">author</subfield>
      <subfield code="u">Universidad de Córdoba, Departamento de Ingeniería Forestal, Campus de
        Rabanales, E-14071 Córdoba, Spain</subfield>
    </datafield>
    <datafield tag="773" ind1="0" ind2=" ">
      <subfield code="t">Forest ecology and management.</subfield>
      <subfield code="g">2018 Sept. 15, v. 424 p.136-153</subfield>
      <subfield code="d">Elsevier B.V.</subfield>
      <subfield code="w">Journal:jnl9013</subfield>
      <subfield code="x">0378-1127</subfield>
      <subfield code="7">nnas</subfield>
    </datafield>
    <datafield tag="787" ind1="1" ind2=" ">
      <subfield code="o">islandora_article_repository</subfield>
    </datafield>
    <datafield tag="787" ind1="1" ind2=" ">
      <subfield code="o">product_pubag</subfield>
    </datafield>
    <datafield tag="787" ind1="1" ind2=" ">
      <subfield code="o">(Journal)jnl9013</subfield>
    </datafield>
    <datafield tag="856" ind1="4" ind2="0">
      <subfield code="u">https://dx.doi.org/10.1016/j.foreco.2018.04.050</subfield>
      <subfield code="3">Available from publisher's site</subfield>
    </datafield>
    <datafield tag="912" ind1=" " ind2=" ">
      <subfield code="a">Article</subfield>
    </datafield>
    <datafield tag="914" ind1=" " ind2=" ">
      <subfield code="a">Journal:jnl9013</subfield>
      <subfield code="b">0378-1127</subfield>
      <subfield code="c">424</subfield>
      <subfield code="e">136</subfield>
    </datafield>
    <datafield tag="914" ind1=" " ind2=" ">
      <subfield code="f">Forest ecology and management</subfield>
    </datafield>
    <datafield tag="916" ind1=" " ind2=" ">
      <subfield code="a">Batch:2026</subfield>
    </datafield>
    <datafield tag="917" ind1=" " ind2=" ">
      <subfield code="a">issued</subfield>
    </datafield>
    <datafield tag="918" ind1="2" ind2=" ">
      <subfield code="a">Elsevier Consyn</subfield>
      <subfield code="e">provider</subfield>
      <subfield code="5">DNAL</subfield>
    </datafield>
    <datafield tag="935" ind1=" " ind2=" ">
      <subfield code="a">IND605985321</subfield>
      <subfield code="9">ExL</subfield>
    </datafield>
    <datafield tag="949" ind1=" " ind2=" ">
      <subfield code="a">2019-07-05</subfield>
    </datafield>
    <datafield tag="953" ind1=" " ind2=" ">
      <subfield code="a">/data/metadata/incoming/consyn/312824969022718811-00002-HEAD-ONLY-NEW
        CONSYN ISSNS.zip</subfield>
    </datafield>
    <datafield tag="954" ind1=" " ind2=" ">
      <subfield code="a">file:/data/metadata/staging/consyn/S0378112718302317.xml</subfield>
    </datafield>
    <datafield tag="955" ind1=" " ind2=" ">
      <subfield code="a">/data/metadata/staging/consyn/</subfield>
    </datafield>
    <datafield tag="974" ind1=" " ind2=" ">
      <subfield code="a">agid:5985321</subfield>
    </datafield>
    <datafield tag="983" ind1=" " ind2=" ">
      <subfield code="a">2019-07-05</subfield>
    </datafield>
    <datafield tag="984" ind1=" " ind2=" ">
      <subfield code="a">2019-07-05</subfield>
    </datafield>
  </record>