
  <record>
    <leader>05818nab a2200673 u 4500</leader>
    <controlfield tag="001">9916255887607426</controlfield>
    <controlfield tag="005">20221118051305.0</controlfield>
    <controlfield tag="008">190705e20180915xx |||||o|||||||||||eng||</controlfield>
    <datafield tag="016" ind1="7" ind2=" ">
      <subfield code="a">IND605985316</subfield>
      <subfield code="2">DNAL</subfield>
    </datafield>
    <datafield tag="024" ind1="7" ind2=" ">
      <subfield code="a">10.1016/j.foreco.2018.04.044</subfield>
      <subfield code="2">doi</subfield>
    </datafield>
    <datafield tag="024" ind1="7" ind2=" ">
      <subfield code="a">10.1016/j.foreco.2018.04.044</subfield>
      <subfield code="2">chorus</subfield>
    </datafield>
    <datafield tag="035" ind1=" " ind2=" ">
      <subfield code="a">agid:5985316-01nal_inst</subfield>
    </datafield>
    <datafield tag="040" ind1=" " ind2=" ">
      <subfield code="a">AGL</subfield>
      <subfield code="b">eng</subfield>
      <subfield code="c">AGL</subfield>
    </datafield>
    <datafield tag="100" ind1="1" ind2=" ">
      <subfield code="a">Looney, Christopher E.</subfield>
      <subfield code="e">author</subfield>
      <subfield code="u">University of Minnesota, Department of Forest Resources, St. Paul, MN
        55108, USA</subfield>
      <subfield code="1">https://orcid.org/0000-0002-3645-8406</subfield>
    </datafield>
    <datafield tag="245" ind1="1" ind2="0">
      <subfield code="a">Size-growth relationship, tree spatial patterns, and tree-tree competition
        influence tree growth and stand complexity in a 160-year red pine chronosequence</subfield>
    </datafield>
    <datafield tag="300" ind1=" " ind2=" ">
      <subfield code="a">p. 85-94.</subfield>
    </datafield>
    <datafield tag="506" ind1=" " ind2=" ">
      <subfield code="a">Resource is Open Access</subfield>
      <subfield code="u">http://purl.org/eprint/accessRights/OpenAccess</subfield>
      <subfield code="f">Unrestricted online access</subfield>
      <subfield code="2">star</subfield>
    </datafield>
    <datafield tag="506" ind1=" " ind2=" ">
      <subfield code="a">CHORUS License Information</subfield>
      <subfield code="f">Unrestricted online access</subfield>
      <subfield code="2">star</subfield>
    </datafield>
    <datafield tag="520" ind1=" " ind2=" ">
      <subfield code="a">Extended rotations have been suggested as a strategy for balancing timber
        production and ecological objectives. By lengthening the period of stand development,
        extended rotations may increase tree size inequality and other elements of structural
        complexity, thus reducing the disparity between managed and old-growth stands. A potential
        limitation of extended rotations is the tradeoff between reduced stand-level productivity
        and greater large-tree growth that typically occurs with stand age. The mechanisms driving
        this tradeoff have not been fully explored. To fill this knowledge gap, we investigated the
        size-growth relationship (SGR), tree spatial patterns, and tree-tree competition along an
        established 160-yr chronosequence of 19 single-cohort, unthinned red pine (Pinus resinosa)
        stands in northern Minnesota, USA. We analyzed SGR, a stand-level metric used to estimate
        the relative efficiency with which different sized trees utilize available resources, to
        assess how the relationship between tree size and growth changed over an extended period of
        stand development. We performed spatial analysis to examine whether tree spatial clustering,
        a criterion of structural complexity, increased with stand age. We modeled individual-tree
        biomass increment to test whether competition along the chronosequence was size-symmetric
        (access of individual trees to resources is directly proportional to size) or
        size-asymmetric (larger trees suppress the growth of smaller individuals by preempting
        resources), and how SGR, tree spatial patterns, and competition together influenced
        individual-tree growth. We found low SGR (i.e., disproportionately slow growth of larger
        trees compared to smaller trees) across the chronosequence, a finding that contrasts with
        hypothesized models of SGR during stand development but is consistent with previous research
        on pine-dominated systems. Tree spatial patterns trended towards clustering with stand age,
        indicating higher structural complexity over time. In agreement with our SGR findings,
        competition across the chronosequence was size-symmetric, suggesting that competition
        reduced individual-tree growth while maintaining relative size equality. Individual-tree
        biomass increment was strongly dependent on tree size, with the growth of small trees
        appearing relatively less affected by competition. Differences in SGR did not translate into
        individual-tree growth, and tree spatial clustering was associated with reduced growth,
        especially in larger trees. Our results indicate that disproportionately slow large-tree
        growth and size-symmetric competition throughout stand development may delay the emergence
        of stand structural complexity in extended rotation red pine stands. Silvicultural
        treatments may be required to promote stand structural complexity and increase large
        crop-tree growth.</subfield>
    </datafield>
    <datafield tag="592" ind1=" " ind2=" ">
      <subfield code="a">Publisher supplied data</subfield>
    </datafield>
    <datafield tag="593" ind1=" " ind2=" ">
      <subfield code="a">PubAg article</subfield>
    </datafield>
    <datafield tag="596" ind1=" " ind2=" ">
      <subfield code="c">NASA</subfield>
      <subfield code="d">https://doi.org/10.13039/100000104</subfield>
    </datafield>
    <datafield tag="596" ind1=" " ind2=" ">
      <subfield code="c">U.S. Forest Service</subfield>
      <subfield code="d">https://doi.org/10.13039/100006959</subfield>
    </datafield>
    <datafield tag="596" ind1=" " ind2=" ">
      <subfield code="c">Department of the Interior Southeast Climate Science Center</subfield>
    </datafield>
    <datafield tag="650" ind1=" " ind2="3">
      <subfield code="a">Pinus resinosa</subfield>
    </datafield>
    <datafield tag="650" ind1=" " ind2="3">
      <subfield code="a">biomass</subfield>
    </datafield>
    <datafield tag="650" ind1=" " ind2="3">
      <subfield code="a">chronosequences</subfield>
    </datafield>
    <datafield tag="650" ind1=" " ind2="3">
      <subfield code="a">models</subfield>
    </datafield>
    <datafield tag="650" ind1=" " ind2="3">
      <subfield code="a">old-growth forests</subfield>
    </datafield>
    <datafield tag="650" ind1=" " ind2="3">
      <subfield code="a">stand age</subfield>
    </datafield>
    <datafield tag="650" ind1=" " ind2="3">
      <subfield code="a">stand development</subfield>
    </datafield>
    <datafield tag="650" ind1=" " ind2="3">
      <subfield code="a">timber production</subfield>
    </datafield>
    <datafield tag="650" ind1=" " ind2="3">
      <subfield code="a">tree growth</subfield>
    </datafield>
    <datafield tag="650" ind1=" " ind2="3">
      <subfield code="a">trees</subfield>
    </datafield>
    <datafield tag="651" ind1=" " ind2="3">
      <subfield code="a">Minnesota</subfield>
    </datafield>
    <datafield tag="700" ind1="1" ind2=" ">
      <subfield code="a">D'Amato, Anthony W.</subfield>
      <subfield code="e">author</subfield>
      <subfield code="u">University of Vermont, Rubenstein School of Environment and Natural
        Resources, Burlington, VT 05095, USA</subfield>
    </datafield>
    <datafield tag="700" ind1="1" ind2=" ">
      <subfield code="a">Palik, Brian J.</subfield>
      <subfield code="e">author</subfield>
      <subfield code="u">USDA Forest Service, Northern Research Station, Grand Rapids, MN 55744,
        USA</subfield>
    </datafield>
    <datafield tag="700" ind1="1" ind2=" ">
      <subfield code="a">Fraver, Shawn</subfield>
      <subfield code="e">author</subfield>
      <subfield code="u">University of Maine, School of Forest Resources, Orono, ME 04469,
        USA</subfield>
    </datafield>
    <datafield tag="700" ind1="1" ind2=" ">
      <subfield code="a">Kastendick, Douglas N.</subfield>
      <subfield code="e">author</subfield>
      <subfield code="u">USDA Forest Service, Northern Research Station, Grand Rapids, MN 55744,
        USA</subfield>
    </datafield>
    <datafield tag="773" ind1="0" ind2=" ">
      <subfield code="t">Forest ecology and management.</subfield>
      <subfield code="g">2018 Sept. 15, v. 424 p.85-94</subfield>
      <subfield code="d">Elsevier B.V.</subfield>
      <subfield code="a">Elsevier B.V.</subfield>
      <subfield code="w">Journal:jnl9013</subfield>
      <subfield code="x">0378-1127</subfield>
      <subfield code="7">nnas</subfield>
    </datafield>
    <datafield tag="787" ind1="1" ind2=" ">
      <subfield code="o">islandora_article_repository</subfield>
    </datafield>
    <datafield tag="787" ind1="1" ind2=" ">
      <subfield code="o">product_pubag</subfield>
    </datafield>
    <datafield tag="787" ind1="1" ind2=" ">
      <subfield code="o">(Journal)jnl9013</subfield>
    </datafield>
    <datafield tag="856" ind1="4" ind2="0">
      <subfield code="u">https://dx.doi.org/10.1016/j.foreco.2018.04.044</subfield>
      <subfield code="3">Available from publisher's site</subfield>
    </datafield>
    <datafield tag="912" ind1=" " ind2=" ">
      <subfield code="a">Article</subfield>
    </datafield>
    <datafield tag="914" ind1=" " ind2=" ">
      <subfield code="a">Journal:jnl9013</subfield>
      <subfield code="b">0378-1127</subfield>
      <subfield code="c">424</subfield>
      <subfield code="e">85</subfield>
    </datafield>
    <datafield tag="914" ind1=" " ind2=" ">
      <subfield code="f">Forest ecology and management</subfield>
    </datafield>
    <datafield tag="916" ind1=" " ind2=" ">
      <subfield code="a">Batch:2026</subfield>
    </datafield>
    <datafield tag="917" ind1=" " ind2=" ">
      <subfield code="a">issued</subfield>
    </datafield>
    <datafield tag="918" ind1="2" ind2=" ">
      <subfield code="a">Elsevier Consyn</subfield>
      <subfield code="e">provider</subfield>
      <subfield code="5">DNAL</subfield>
    </datafield>
    <datafield tag="935" ind1=" " ind2=" ">
      <subfield code="a">IND605985316</subfield>
      <subfield code="9">ExL</subfield>
    </datafield>
    <datafield tag="949" ind1=" " ind2=" ">
      <subfield code="a">2020-03-06</subfield>
    </datafield>
    <datafield tag="953" ind1=" " ind2=" ">
      <subfield code="a">/data/metadata/incoming/consyn/312824969022718811-00002-HEAD-ONLY-NEW
        CONSYN ISSNS.zip</subfield>
    </datafield>
    <datafield tag="954" ind1=" " ind2=" ">
      <subfield code="a">file:/data/metadata/staging/consyn/S0378112718301944.xml</subfield>
    </datafield>
    <datafield tag="955" ind1=" " ind2=" ">
      <subfield code="a">/data/metadata/staging/consyn/</subfield>
    </datafield>
    <datafield tag="961" ind1=" " ind2=" ">
      <subfield code="a">USDA/FS</subfield>
    </datafield>
    <datafield tag="974" ind1=" " ind2=" ">
      <subfield code="a">agid:5985316</subfield>
    </datafield>
    <datafield tag="983" ind1=" " ind2=" ">
      <subfield code="a">2019-07-05</subfield>
    </datafield>
    <datafield tag="984" ind1=" " ind2=" ">
      <subfield code="a">2022-09-06</subfield>
    </datafield>
  </record>