
  <record>
    <leader>04013nab a2200589 u 4500</leader>
    <controlfield tag="001">9916255913707426</controlfield>
    <controlfield tag="005">20221118050948.0</controlfield>
    <controlfield tag="008">200515e20181001xx |||||o|||||||||||eng||</controlfield>
    <datafield tag="016" ind1="7" ind2=" ">
      <subfield code="a">IND605985300</subfield>
      <subfield code="2">DNAL</subfield>
    </datafield>
    <datafield tag="024" ind1="7" ind2=" ">
      <subfield code="a">10.1016/j.foreco.2018.05.039</subfield>
      <subfield code="2">doi</subfield>
    </datafield>
    <datafield tag="035" ind1=" " ind2=" ">
      <subfield code="a">agid:5985300-01nal_inst</subfield>
    </datafield>
    <datafield tag="040" ind1=" " ind2=" ">
      <subfield code="a">AGL</subfield>
      <subfield code="b">eng</subfield>
      <subfield code="c">AGL</subfield>
    </datafield>
    <datafield tag="100" ind1="1" ind2=" ">
      <subfield code="a">Mongus, Domen</subfield>
      <subfield code="e">author</subfield>
      <subfield code="u">University of Maribor, Faculty of Electrical Engineering and Computer
        Science, Koroška cesta 46, SI-2000 Maribor, Slovenia</subfield>
      <subfield code="1">https://orcid.org/0000-0002-2160-0529</subfield>
    </datafield>
    <datafield tag="245" ind1="1" ind2="0">
      <subfield code="a">Predictive analytics of tree growth based on complex networks of tree
        competition</subfield>
    </datafield>
    <datafield tag="300" ind1=" " ind2=" ">
      <subfield code="a">p. 164-176.</subfield>
    </datafield>
    <datafield tag="520" ind1=" " ind2=" ">
      <subfield code="a">Competition between individual trees is a major factor influencing the
        development of forests. However, due to the complexity of such interactions, that span over
        vast geographic areas, systematic analysis of competition has only recently become possible
        through the concepts of so-called predictive analytics. The rationale behind the utilised
        approach is that a prediction model, which is capable of forecasting future increments of
        tree development parameters accurately, contains knowledge about the underlying
        relationships that govern them. The analysis of such model, therefore, holds the potential
        to reveal new insights into the critical factors that influence forest developments. Within
        this study, we utilise an Evolutionary Algorithm in order to enable predictive analytics
        based on a complex-network representation of competition. This allowed us to study the
        patterns related to spatial distribution of individual trees. We discovered that triplets of
        competing trees, and their betweenness centralities, have significantly greater influence on
        the development of each individual tree than traditionally observed parameters like the
        number of a tree’s competitors and distances between them. While this indicates preferable
        spatial patterns for optimal forest development, the introduced methodology proved to be an
        efficient predictive analytics tool that allows for their discovery.</subfield>
    </datafield>
    <datafield tag="592" ind1=" " ind2=" ">
      <subfield code="a">Publisher supplied data</subfield>
    </datafield>
    <datafield tag="593" ind1=" " ind2=" ">
      <subfield code="a">PubAg article</subfield>
    </datafield>
    <datafield tag="650" ind1=" " ind2="3">
      <subfield code="a">algorithms</subfield>
    </datafield>
    <datafield tag="650" ind1=" " ind2="3">
      <subfield code="a">forestry development</subfield>
    </datafield>
    <datafield tag="650" ind1=" " ind2="3">
      <subfield code="a">models</subfield>
    </datafield>
    <datafield tag="650" ind1=" " ind2="3">
      <subfield code="a">tree growth</subfield>
    </datafield>
    <datafield tag="650" ind1=" " ind2="3">
      <subfield code="a">trees</subfield>
    </datafield>
    <datafield tag="653" ind1=" " ind2="0">
      <subfield code="a">Tree competition</subfield>
    </datafield>
    <datafield tag="653" ind1=" " ind2="0">
      <subfield code="a">Predictive analytics</subfield>
    </datafield>
    <datafield tag="653" ind1=" " ind2="0">
      <subfield code="a">Knowledge discovery</subfield>
    </datafield>
    <datafield tag="653" ind1=" " ind2="0">
      <subfield code="a">Evolutionary algorithms</subfield>
    </datafield>
    <datafield tag="653" ind1=" " ind2="0">
      <subfield code="a">Complex networks</subfield>
    </datafield>
    <datafield tag="653" ind1=" " ind2="0">
      <subfield code="a">Topology</subfield>
    </datafield>
    <datafield tag="700" ind1="1" ind2=" ">
      <subfield code="a">Vilhar, Urša</subfield>
      <subfield code="e">author</subfield>
      <subfield code="u">Slovenian Forestry Institute, Večna pot 2, SI-1000 Ljubljana,
        Slovenia</subfield>
    </datafield>
    <datafield tag="700" ind1="1" ind2=" ">
      <subfield code="a">Skudnik, Mitja</subfield>
      <subfield code="e">author</subfield>
      <subfield code="u">Slovenian Forestry Institute, Večna pot 2, SI-1000 Ljubljana,
        Slovenia</subfield>
      <subfield code="1">https://orcid.org/0000-0002-4120-6748</subfield>
    </datafield>
    <datafield tag="700" ind1="1" ind2=" ">
      <subfield code="a">Žalik, Borut</subfield>
      <subfield code="e">author</subfield>
      <subfield code="u">University of Maribor, Faculty of Electrical Engineering and Computer
        Science, Koroška cesta 46, SI-2000 Maribor, Slovenia</subfield>
    </datafield>
    <datafield tag="700" ind1="1" ind2=" ">
      <subfield code="a">Jesenko, David</subfield>
      <subfield code="e">author</subfield>
      <subfield code="u">University of Maribor, Faculty of Electrical Engineering and Computer
        Science, Koroška cesta 46, SI-2000 Maribor, Slovenia</subfield>
      <subfield code="1">https://orcid.org/0000-0002-4947-9521</subfield>
    </datafield>
    <datafield tag="773" ind1="0" ind2=" ">
      <subfield code="t">Forest ecology and management.</subfield>
      <subfield code="g">2018 Oct. 01, v. 425 p.164-176</subfield>
      <subfield code="d">Elsevier B.V.</subfield>
      <subfield code="w">Journal:jnl9013</subfield>
      <subfield code="x">0378-1127</subfield>
      <subfield code="7">nnas</subfield>
    </datafield>
    <datafield tag="787" ind1="1" ind2=" ">
      <subfield code="o">islandora_article_repository</subfield>
    </datafield>
    <datafield tag="787" ind1="1" ind2=" ">
      <subfield code="o">product_pubag</subfield>
    </datafield>
    <datafield tag="787" ind1="1" ind2=" ">
      <subfield code="o">(Journal)jnl9013</subfield>
    </datafield>
    <datafield tag="856" ind1="4" ind2="0">
      <subfield code="u">https://dx.doi.org/10.1016/j.foreco.2018.05.039</subfield>
      <subfield code="3">Available from publisher's site</subfield>
    </datafield>
    <datafield tag="912" ind1=" " ind2=" ">
      <subfield code="a">Article</subfield>
    </datafield>
    <datafield tag="914" ind1=" " ind2=" ">
      <subfield code="a">Journal:jnl9013</subfield>
      <subfield code="b">0378-1127</subfield>
      <subfield code="c">425</subfield>
      <subfield code="e">164</subfield>
    </datafield>
    <datafield tag="914" ind1=" " ind2=" ">
      <subfield code="f">Forest ecology and management</subfield>
    </datafield>
    <datafield tag="916" ind1=" " ind2=" ">
      <subfield code="a">Batch:2026</subfield>
    </datafield>
    <datafield tag="917" ind1=" " ind2=" ">
      <subfield code="a">issued</subfield>
    </datafield>
    <datafield tag="918" ind1="2" ind2=" ">
      <subfield code="a">Elsevier Consyn</subfield>
      <subfield code="e">provider</subfield>
      <subfield code="5">DNAL</subfield>
    </datafield>
    <datafield tag="935" ind1=" " ind2=" ">
      <subfield code="a">IND605985300</subfield>
      <subfield code="9">ExL</subfield>
    </datafield>
    <datafield tag="949" ind1=" " ind2=" ">
      <subfield code="a">2019-07-05</subfield>
    </datafield>
    <datafield tag="953" ind1=" " ind2=" ">
      <subfield code="a"
        >/data/metadata/incoming/consyn/149703524951723375-00001-HEAD-ONLY-REVISEDSUBJECTLIST.zip</subfield>
    </datafield>
    <datafield tag="954" ind1=" " ind2=" ">
      <subfield code="a">file:/data/metadata/staging/consyn/S0378112718300604.xml</subfield>
    </datafield>
    <datafield tag="955" ind1=" " ind2=" ">
      <subfield code="a">/data/metadata/staging/consyn/</subfield>
    </datafield>
    <datafield tag="974" ind1=" " ind2=" ">
      <subfield code="a">agid:5985300</subfield>
    </datafield>
    <datafield tag="983" ind1=" " ind2=" ">
      <subfield code="a">2020-05-15</subfield>
    </datafield>
    <datafield tag="984" ind1=" " ind2=" ">
      <subfield code="a">2020-05-15</subfield>
    </datafield>
  </record>