
  <record>
    <leader>03464nab a2200577 u 4500</leader>
    <controlfield tag="001">9916256223407426</controlfield>
    <controlfield tag="005">20221118050924.0</controlfield>
    <controlfield tag="008">110320e199810 xx |||||o|||||||||||eng||</controlfield>
    <datafield tag="016" ind1="7" ind2=" ">
      <subfield code="a">IND44510080</subfield>
      <subfield code="2">DNAL</subfield>
    </datafield>
    <datafield tag="024" ind1="7" ind2=" ">
      <subfield code="a">10.1111/j.1600-0587.1998.tb00445.x</subfield>
      <subfield code="2">doi</subfield>
    </datafield>
    <datafield tag="035" ind1=" " ind2=" ">
      <subfield code="a">agid:546916-01nal_inst</subfield>
    </datafield>
    <datafield tag="040" ind1=" " ind2=" ">
      <subfield code="a">AGL</subfield>
      <subfield code="b">eng</subfield>
      <subfield code="c">AGL</subfield>
    </datafield>
    <datafield tag="100" ind1="1" ind2=" ">
      <subfield code="a">Ne'eman, Gidi</subfield>
    </datafield>
    <datafield tag="245" ind1="1" ind2="0">
      <subfield code="a">Stability of pre- and post-fire spatial structure of pine trees in Aleppo
        pine forest</subfield>
    </datafield>
    <datafield tag="300" ind1=" " ind2=" ">
      <subfield code="a">p. 535-542.</subfield>
    </datafield>
    <datafield tag="500" ind1=" " ind2=" ">
      <subfield code="a">Includes references</subfield>
    </datafield>
    <datafield tag="500" ind1=" " ind2=" ">
      <subfield code="a">2019-12-06</subfield>
    </datafield>
    <datafield tag="520" ind1=" " ind2=" ">
      <subfield code="a">The study reported here describes for the first time the similarity between
        pre- and post-fire spatial patterns of the trees in a Mediterranean pine forest
        demonstrating that the pre-fire ancestor microsite is occupied also by the next generation.
        Although Aleppo pine Pinus halepensis Mill, is an obligatory post-fire seeder, it is adapted
        to regenerate in its pre-fire growing microsite. thus keeping suitable growing sites from
        generation to generation. We studied the effect of the dead burned adult pines on the
        density and size of their recruited saplings 2, 5, 11 and 20 yr after fire. A comparison of
        pine sapling density and size was made between the “near” zone (under the former effect of
        the burned canopy) and the‘far'zone (beyond the former effect of the burned canopy). In the
        site 2 yr after fire, seedling density was 56% higher in the “far” zone than in
        the‘near'zone, but seedling .size was similar. However in the site 20 yr after fire,
        densities were similar in both zones, but the size was bigger by 89% in the “near” zone.
        Thus, population recruitment after fire seems to peak near the burned pine trees rather than
        at u distance from them, in contrast to Janzen's original‘distance hypothesis' model
        suggested for undisturbed rainforest. Mere we present a new hypothetical model for the
        spatial pattern of post-fire regeneration of obligate seeder tree species forming open
        forests. It is proposed that in such trees the microsites which were kept by the burned
        adult trees, which are killed by the fire, are also the favorable regeneration microsite for
        the post-fire generation.</subfield>
    </datafield>
    <datafield tag="593" ind1=" " ind2=" ">
      <subfield code="a">PubAg article</subfield>
    </datafield>
    <datafield tag="650" ind1=" " ind2="3">
      <subfield code="a">canopy</subfield>
    </datafield>
    <datafield tag="650" ind1=" " ind2="3">
      <subfield code="a">saplings</subfield>
    </datafield>
    <datafield tag="650" ind1=" " ind2="3">
      <subfield code="a">ancestry</subfield>
    </datafield>
    <datafield tag="650" ind1=" " ind2="3">
      <subfield code="a">seedlings</subfield>
    </datafield>
    <datafield tag="650" ind1=" " ind2="3">
      <subfield code="a">models</subfield>
    </datafield>
    <datafield tag="650" ind1=" " ind2="3">
      <subfield code="a">coniferous forests</subfield>
    </datafield>
    <datafield tag="650" ind1=" " ind2="3">
      <subfield code="a">Pinus halepensis</subfield>
    </datafield>
    <datafield tag="650" ind1=" " ind2="3">
      <subfield code="a">fires</subfield>
    </datafield>
    <datafield tag="650" ind1=" " ind2="3">
      <subfield code="a">rain forests</subfield>
    </datafield>
    <datafield tag="650" ind1=" " ind2="3">
      <subfield code="a">adults</subfield>
    </datafield>
    <datafield tag="653" ind1=" " ind2="0">
      <subfield code="a">recruitment</subfield>
    </datafield>
    <datafield tag="700" ind1="1" ind2=" ">
      <subfield code="a">Izhaki, Ido</subfield>
    </datafield>
    <datafield tag="773" ind1="0" ind2=" ">
      <subfield code="t">Ecography.</subfield>
      <subfield code="g">1998 Oct., v. 21, no. 5 p.535-542</subfield>
      <subfield code="d">Blackwell Publishing Ltd</subfield>
      <subfield code="x">0906-7590</subfield>
      <subfield code="7">nnas</subfield>
    </datafield>
    <datafield tag="787" ind1="1" ind2=" ">
      <subfield code="o">islandora_article_repository</subfield>
    </datafield>
    <datafield tag="787" ind1="1" ind2=" ">
      <subfield code="o">product_pubag</subfield>
    </datafield>
    <datafield tag="787" ind1="1" ind2=" ">
      <subfield code="o">(Journal)jnl3867072</subfield>
    </datafield>
    <datafield tag="852" ind1=" " ind2=" ">
      <subfield code="a">DNAL</subfield>
    </datafield>
    <datafield tag="856" ind1="4" ind2="0">
      <subfield code="u">http://dx.doi.org/10.1111/j.1600-0587.1998.tb00445.x</subfield>
    </datafield>
    <datafield tag="912" ind1=" " ind2=" ">
      <subfield code="a">Article</subfield>
    </datafield>
    <datafield tag="914" ind1=" " ind2=" ">
      <subfield code="a">Journal:jnl3867072</subfield>
      <subfield code="b">0906-7590</subfield>
      <subfield code="c">21</subfield>
      <subfield code="d">5</subfield>
      <subfield code="e">535</subfield>
    </datafield>
    <datafield tag="914" ind1=" " ind2=" ">
      <subfield code="f">Ecography</subfield>
    </datafield>
    <datafield tag="917" ind1=" " ind2=" ">
      <subfield code="a">issued</subfield>
    </datafield>
    <datafield tag="935" ind1=" " ind2=" ">
      <subfield code="a">IND44510080</subfield>
      <subfield code="9">ExL</subfield>
    </datafield>
    <datafield tag="949" ind1=" " ind2=" ">
      <subfield code="a">2013-08-14</subfield>
    </datafield>
    <datafield tag="962" ind1=" " ind2=" ">
      <subfield code="a">Journal ISSN is 1600-0587</subfield>
    </datafield>
    <datafield tag="962" ind1=" " ind2=" ">
      <subfield code="a">Batch:314 annotated on 2013-08-07T11:20:19Z</subfield>
    </datafield>
    <datafield tag="962" ind1=" " ind2=" ">
      <subfield code="a">Batch:314 reviewed on 2013-08-14T15:00:02Z</subfield>
    </datafield>
    <datafield tag="962" ind1=" " ind2=" ">
      <subfield code="a">Batch:314 reviewed on 2013-08-14T16:00:01Z</subfield>
    </datafield>
    <datafield tag="974" ind1=" " ind2=" ">
      <subfield code="a">agid:546916</subfield>
    </datafield>
    <datafield tag="984" ind1=" " ind2=" ">
      <subfield code="a">2011-03-21</subfield>
    </datafield>
    <datafield tag="985" ind1=" " ind2=" ">
      <subfield code="a">Converted from MARCXML to MODS version 3.4 using MARC21slim2MODS3-4.xsl
        (Revision 1.77 2012/03/23)</subfield>
    </datafield>
    <datafield tag="986" ind1=" " ind2=" ">
      <subfield code="a">4510080</subfield>
    </datafield>
  </record>