
  <record>
    <leader>03978nab a2200637 u 4500</leader>
    <controlfield tag="001">9916256244907426</controlfield>
    <controlfield tag="005">20221118051425.0</controlfield>
    <controlfield tag="008">200523e20190824xx |||||o|||||||||||eng||</controlfield>
    <datafield tag="016" ind1="7" ind2=" ">
      <subfield code="a">IND606366708</subfield>
      <subfield code="2">DNAL</subfield>
    </datafield>
    <datafield tag="024" ind1="7" ind2=" ">
      <subfield code="a">10.1016/j.ecolmodel.2019.02.013</subfield>
      <subfield code="2">doi</subfield>
    </datafield>
    <datafield tag="035" ind1=" " ind2=" ">
      <subfield code="a">agid:6366708-01nal_inst</subfield>
    </datafield>
    <datafield tag="040" ind1=" " ind2=" ">
      <subfield code="a">AGL</subfield>
      <subfield code="b">eng</subfield>
      <subfield code="c">AGL</subfield>
    </datafield>
    <datafield tag="100" ind1="1" ind2=" ">
      <subfield code="a">Häbel, Henrike</subfield>
      <subfield code="e">author</subfield>
      <subfield code="u">Natural Resources Institute Finland (Luke), Latokartanonkaari 9, 00790
        Helsinki, Finland</subfield>
    </datafield>
    <datafield tag="245" ind1="1" ind2="0">
      <subfield code="a">New insights on the behaviour of alternative types of individual-based tree
        models for natural forests</subfield>
    </datafield>
    <datafield tag="300" ind1=" " ind2=" ">
      <subfield code="a">p. 23-32.</subfield>
    </datafield>
    <datafield tag="520" ind1=" " ind2=" ">
      <subfield code="a">Agent/individual-based models (A/IBM) help to explain in a mechanistic way
        how spatial plant patterns evolve through time. In the past, seemingly different and
        independent types of A/IBMs were developed for modelling the dynamics of tree populations,
        e.g. growth interaction (GI) and shot noise (SN) models. In this paper, we present a new,
        advanced methodology of pattern-oriented modelling (POM) for the comparative, synoptic
        analysis of the behaviour of different types of A/IBMs by using recombinations of model
        components, validation and sensitivity analysis. We analysed model behaviour for
        spatio-temporal data from natural forests of interior Douglas fir (Pseudotsuga menziesii var
        glauca (Mirb.) Franco) and Scots pine (Pinus sylvestris L.) populations from Canada and the
        UK, respectively. Our detailed analysis clarified that both models, GI and SN along with
        their recombinations performed similarly and belong to the same group of A/IBMs. From the
        application of our new methodology we learnt that SN models were able to describe
        interactions more accurately than GI models and additionally produce interaction fields that
        can be used for other modelling purposes. On the other hand the GI model was more robust
        when using observed data that did not include sufficient information on tree interactions.
        Maximum-likelihood estimations were more reliable in spatial regression analysis than
        least-squares methods and should be preferred in spatial A/IBM parametrisation.</subfield>
    </datafield>
    <datafield tag="592" ind1=" " ind2=" ">
      <subfield code="a">Publisher supplied data</subfield>
    </datafield>
    <datafield tag="593" ind1=" " ind2=" ">
      <subfield code="a">PubAg article</subfield>
    </datafield>
    <datafield tag="650" ind1=" " ind2="3">
      <subfield code="a">Pinus sylvestris</subfield>
    </datafield>
    <datafield tag="650" ind1=" " ind2="3">
      <subfield code="a">Pseudotsuga menziesii var. glauca</subfield>
    </datafield>
    <datafield tag="650" ind1=" " ind2="3">
      <subfield code="a">forests</subfield>
    </datafield>
    <datafield tag="650" ind1=" " ind2="3">
      <subfield code="a">least squares</subfield>
    </datafield>
    <datafield tag="650" ind1=" " ind2="3">
      <subfield code="a">methodology</subfield>
    </datafield>
    <datafield tag="650" ind1=" " ind2="3">
      <subfield code="a">models</subfield>
    </datafield>
    <datafield tag="650" ind1=" " ind2="3">
      <subfield code="a">trees</subfield>
    </datafield>
    <datafield tag="651" ind1=" " ind2="3">
      <subfield code="a">Canada</subfield>
    </datafield>
    <datafield tag="651" ind1=" " ind2="3">
      <subfield code="a">United Kingdom</subfield>
    </datafield>
    <datafield tag="653" ind1=" " ind2="0">
      <subfield code="a">Natural forest dynamics</subfield>
    </datafield>
    <datafield tag="653" ind1=" " ind2="0">
      <subfield code="a">Agent/individual-based models</subfield>
    </datafield>
    <datafield tag="653" ind1=" " ind2="0">
      <subfield code="a">Spatial tree interactions</subfield>
    </datafield>
    <datafield tag="653" ind1=" " ind2="0">
      <subfield code="a">Growth interaction model</subfield>
    </datafield>
    <datafield tag="653" ind1=" " ind2="0">
      <subfield code="a">Shot noise model</subfield>
    </datafield>
    <datafield tag="653" ind1=" " ind2="0">
      <subfield code="a">Recombination of model components</subfield>
    </datafield>
    <datafield tag="653" ind1=" " ind2="0">
      <subfield code="a">Absolute and relative growth rates</subfield>
    </datafield>
    <datafield tag="653" ind1=" " ind2="0">
      <subfield code="a">Point process statistics</subfield>
    </datafield>
    <datafield tag="700" ind1="1" ind2=" ">
      <subfield code="a">Myllymäki, Mari</subfield>
      <subfield code="e">author</subfield>
      <subfield code="u">Natural Resources Institute Finland (Luke), Latokartanonkaari 9, 00790
        Helsinki, Finland</subfield>
    </datafield>
    <datafield tag="700" ind1="1" ind2=" ">
      <subfield code="a">Pommerening, Arne</subfield>
      <subfield code="e">author</subfield>
      <subfield code="u">Swedish University of Agricultural Sciences SLU, Faculty of Forest
        Sciences, Department of Forest Ecology and Management, Skogsmarksgränd 17, 901 83 Umeå,
        Sweden</subfield>
    </datafield>
    <datafield tag="773" ind1="0" ind2=" ">
      <subfield code="t">Ecological modelling.</subfield>
      <subfield code="g">2019 Aug. 24, v. 406 p.23-32</subfield>
      <subfield code="d">Elsevier B.V.</subfield>
      <subfield code="w">Journal:jnl6191</subfield>
      <subfield code="x">0304-3800</subfield>
      <subfield code="7">nnas</subfield>
    </datafield>
    <datafield tag="787" ind1="1" ind2=" ">
      <subfield code="o">islandora_article_repository</subfield>
    </datafield>
    <datafield tag="787" ind1="1" ind2=" ">
      <subfield code="o">product_pubag</subfield>
    </datafield>
    <datafield tag="787" ind1="1" ind2=" ">
      <subfield code="o">(Journal)jnl6191</subfield>
    </datafield>
    <datafield tag="856" ind1="4" ind2="0">
      <subfield code="u">https://dx.doi.org/10.1016/j.ecolmodel.2019.02.013</subfield>
      <subfield code="3">Available from publisher's site</subfield>
    </datafield>
    <datafield tag="912" ind1=" " ind2=" ">
      <subfield code="a">Article</subfield>
    </datafield>
    <datafield tag="914" ind1=" " ind2=" ">
      <subfield code="a">Journal:jnl6191</subfield>
      <subfield code="b">0304-3800</subfield>
    </datafield>
    <datafield tag="914" ind1=" " ind2=" ">
      <subfield code="f">Ecological modelling</subfield>
    </datafield>
    <datafield tag="916" ind1=" " ind2=" ">
      <subfield code="a">Batch:2229</subfield>
    </datafield>
    <datafield tag="917" ind1=" " ind2=" ">
      <subfield code="a">issued</subfield>
    </datafield>
    <datafield tag="918" ind1="2" ind2=" ">
      <subfield code="a">Elsevier Consyn</subfield>
      <subfield code="e">provider</subfield>
      <subfield code="5">DNAL</subfield>
    </datafield>
    <datafield tag="935" ind1=" " ind2=" ">
      <subfield code="a">IND606366708</subfield>
      <subfield code="9">ExL</subfield>
    </datafield>
    <datafield tag="949" ind1=" " ind2=" ">
      <subfield code="a">2019-07-05</subfield>
    </datafield>
    <datafield tag="953" ind1=" " ind2=" ">
      <subfield code="a">/data/metadata/incoming/consyn/139108501285633288-00002-HEAD-ONLY-NEW
        CONSYN ISSNS.zip</subfield>
    </datafield>
    <datafield tag="954" ind1=" " ind2=" ">
      <subfield code="a">file:/data/metadata/staging/consyn/S0304380019300821.xml</subfield>
    </datafield>
    <datafield tag="955" ind1=" " ind2=" ">
      <subfield code="a">/data/metadata/staging/consyn/</subfield>
    </datafield>
    <datafield tag="974" ind1=" " ind2=" ">
      <subfield code="a">agid:6366708</subfield>
    </datafield>
    <datafield tag="983" ind1=" " ind2=" ">
      <subfield code="a">2020-05-23</subfield>
    </datafield>
    <datafield tag="984" ind1=" " ind2=" ">
      <subfield code="a">2020-05-23</subfield>
    </datafield>
  </record>