
  <record>
    <leader>05385nab a2200781 u 4500</leader>
    <controlfield tag="001">9916256476207426</controlfield>
    <controlfield tag="005">20221118014727.0</controlfield>
    <controlfield tag="008">190318e20140101xx |||||o|||||||||||eng||</controlfield>
    <datafield tag="016" ind1="7" ind2=" ">
      <subfield code="a">IND605323986</subfield>
      <subfield code="2">DNAL</subfield>
    </datafield>
    <datafield tag="024" ind1="7" ind2=" ">
      <subfield code="a">10.1016/j.agee.2013.12.015</subfield>
      <subfield code="2">doi</subfield>
    </datafield>
    <datafield tag="035" ind1=" " ind2=" ">
      <subfield code="a">agid:5323986-01nal_inst</subfield>
    </datafield>
    <datafield tag="040" ind1=" " ind2=" ">
      <subfield code="a">AGL</subfield>
      <subfield code="b">eng</subfield>
      <subfield code="c">AGL</subfield>
    </datafield>
    <datafield tag="100" ind1="1" ind2=" ">
      <subfield code="a">Dengler, Jürgen</subfield>
      <subfield code="e">author</subfield>
      <subfield code="u">Disturbance Ecology, Bayreuth Center of Ecology and Environmental Research
        (BayCEER), University of Bayreuth, Universitätsstr. 30, 95447 Bayreuth, Germany</subfield>
      <subfield code="1">https://orcid.org/0000-0003-3221-660X</subfield>
    </datafield>
    <datafield tag="245" ind1="1" ind2="0">
      <subfield code="a">Biodiversity of Palaearctic grasslands: a synthesis</subfield>
    </datafield>
    <datafield tag="300" ind1=" " ind2=" ">
      <subfield code="a">p. 1-14.</subfield>
    </datafield>
    <datafield tag="520" ind1=" " ind2=" ">
      <subfield code="a">This article introduces a Special Issue on biodiversity of Palaearctic
        grasslands and provides a synthesis of the current knowledge on this topic. Four major
        categories of grasslands can be distinguished in the Palaearctic biogeographic realm: (a)
        zonal steppes (in areas too dry for forests), (b) arctic-alpine grasslands (in areas too
        cold for forests), (c) azonal and extrazonal grasslands (where hydrology, soil conditions,
        relief or natural disturbances within the forest biomes prevent tree growth locally) and (d)
        secondary grasslands (which replace natural forests in consequence of human land use). We
        summarize the present knowledge about species richness patterns (mainly of vascular plants)
        along abiotic and land use gradients. Further, we highlight the usefulness of diversity
        measures not based on species richness, namely functional diversity, phylogenetic diversity
        and within-species diversity. The strong differences observed for diversity patterns
        according to analyzed biodiversity parameter, spatial scale or taxonomic group call for
        comparative studies and caution when generalizing results. A particular challenge are the
        extreme plot-scale species richness values found in grasslands of a few European regions. We
        propose a conceptual model that explains the findings by an interplay of various factors
        acting at different levels: (i) The largest species pool is expected for habitats under
        conditions that prevailed over the last few million years, with a slight shift towards
        intermediate positions, i.e. for the Palaearctic in open, semi-dry, base-rich situations.
        (ii) The landscape-level species pool is increased by continuity of a grassland patch in
        space and time and heterogeneity of the surrounding landscape. (iii) The coexistence of
        regionally available species at a plot scale is due to reduced competitive exclusion
        according to Intermediate Disturbance Hypothesis, mowing once a year without fertilization
        being particularly effective. Ecosystem functions and services of Palaearctic grasslands are
        often positively connected to their biodiversity. At the same time, these communities and
        their biota are nowadays highly endangered. The semi-natural (High Nature Value) grasslands
        of Europe are mainly threatened by agricultural intensification or abandonment on
        low-productive sites in remote areas, while the natural steppes of the Palaearctic have
        largely been destroyed by conversion into arable land. Finally, we present some promising
        conservation and management approaches and call for a strong and comprehensive Convention on
        Grassland Conservation.</subfield>
    </datafield>
    <datafield tag="592" ind1=" " ind2=" ">
      <subfield code="a">Publisher supplied data</subfield>
    </datafield>
    <datafield tag="593" ind1=" " ind2=" ">
      <subfield code="a">PubAg article</subfield>
    </datafield>
    <datafield tag="650" ind1=" " ind2="3">
      <subfield code="a">arable soils</subfield>
    </datafield>
    <datafield tag="650" ind1=" " ind2="3">
      <subfield code="a">biogeography</subfield>
    </datafield>
    <datafield tag="650" ind1=" " ind2="3">
      <subfield code="a">cold</subfield>
    </datafield>
    <datafield tag="650" ind1=" " ind2="3">
      <subfield code="a">competitive exclusion</subfield>
    </datafield>
    <datafield tag="650" ind1=" " ind2="3">
      <subfield code="a">dry forests</subfield>
    </datafield>
    <datafield tag="650" ind1=" " ind2="3">
      <subfield code="a">ecosystems</subfield>
    </datafield>
    <datafield tag="650" ind1=" " ind2="3">
      <subfield code="a">functional diversity</subfield>
    </datafield>
    <datafield tag="650" ind1=" " ind2="3">
      <subfield code="a">habitats</subfield>
    </datafield>
    <datafield tag="650" ind1=" " ind2="3">
      <subfield code="a">humans</subfield>
    </datafield>
    <datafield tag="650" ind1=" " ind2="3">
      <subfield code="a">hydrology</subfield>
    </datafield>
    <datafield tag="650" ind1=" " ind2="3">
      <subfield code="a">intensive farming</subfield>
    </datafield>
    <datafield tag="650" ind1=" " ind2="3">
      <subfield code="a">land use</subfield>
    </datafield>
    <datafield tag="650" ind1=" " ind2="3">
      <subfield code="a">landscapes</subfield>
    </datafield>
    <datafield tag="650" ind1=" " ind2="3">
      <subfield code="a">models</subfield>
    </datafield>
    <datafield tag="650" ind1=" " ind2="3">
      <subfield code="a">mowing</subfield>
    </datafield>
    <datafield tag="650" ind1=" " ind2="3">
      <subfield code="a">phylogeny</subfield>
    </datafield>
    <datafield tag="650" ind1=" " ind2="3">
      <subfield code="a">space and time</subfield>
    </datafield>
    <datafield tag="650" ind1=" " ind2="3">
      <subfield code="a">species diversity</subfield>
    </datafield>
    <datafield tag="650" ind1=" " ind2="3">
      <subfield code="a">steppes</subfield>
    </datafield>
    <datafield tag="650" ind1=" " ind2="3">
      <subfield code="a">tree growth</subfield>
    </datafield>
    <datafield tag="650" ind1=" " ind2="3">
      <subfield code="a">vascular plants</subfield>
    </datafield>
    <datafield tag="651" ind1=" " ind2="3">
      <subfield code="a">Europe</subfield>
    </datafield>
    <datafield tag="653" ind1=" " ind2="0">
      <subfield code="a">Conservation</subfield>
    </datafield>
    <datafield tag="653" ind1=" " ind2="0">
      <subfield code="a">Disturbance</subfield>
    </datafield>
    <datafield tag="653" ind1=" " ind2="0">
      <subfield code="a">Land use</subfield>
    </datafield>
    <datafield tag="653" ind1=" " ind2="0">
      <subfield code="a">Semi-natural</subfield>
    </datafield>
    <datafield tag="653" ind1=" " ind2="0">
      <subfield code="a">Species richness</subfield>
    </datafield>
    <datafield tag="653" ind1=" " ind2="0">
      <subfield code="a">Steppe</subfield>
    </datafield>
    <datafield tag="700" ind1="1" ind2=" ">
      <subfield code="a">Janišová, Monika</subfield>
      <subfield code="e">author</subfield>
      <subfield code="u">Institute of Botany, Slovak Academy of Sciences, Ďumbierska 1, 974 11
        Banská Bystrica, Slovakia</subfield>
    </datafield>
    <datafield tag="700" ind1="1" ind2=" ">
      <subfield code="a">Török, Péter</subfield>
      <subfield code="e">author</subfield>
      <subfield code="u">Department of Ecology, University of Debrecen, PO Box 71, 4010 Debrecen,
        Hungary</subfield>
    </datafield>
    <datafield tag="700" ind1="1" ind2=" ">
      <subfield code="a">Wellstein, Camilla</subfield>
      <subfield code="e">author</subfield>
      <subfield code="u">Faculty of Science and Technology, Universitätsplatz 5, 39100
        Bozen-Bolzano, Italy</subfield>
    </datafield>
    <datafield tag="773" ind1="0" ind2=" ">
      <subfield code="t">Agriculture, ecosystems &amp; environment.</subfield>
      <subfield code="g">2014 Jan. 01, v. 182 p.1-14</subfield>
      <subfield code="d">Elsevier B.V.</subfield>
      <subfield code="w">Journal:jnl34709</subfield>
      <subfield code="x">0167-8809</subfield>
      <subfield code="7">nnas</subfield>
    </datafield>
    <datafield tag="787" ind1="1" ind2=" ">
      <subfield code="o">islandora_article_repository</subfield>
    </datafield>
    <datafield tag="787" ind1="1" ind2=" ">
      <subfield code="o">product_pubag</subfield>
    </datafield>
    <datafield tag="787" ind1="1" ind2=" ">
      <subfield code="o">(Journal)jnl34709</subfield>
    </datafield>
    <datafield tag="856" ind1="4" ind2="0">
      <subfield code="u">https://dx.doi.org/10.1016/j.agee.2013.12.015</subfield>
      <subfield code="3">Available from publisher's site</subfield>
    </datafield>
    <datafield tag="912" ind1=" " ind2=" ">
      <subfield code="a">Article</subfield>
    </datafield>
    <datafield tag="914" ind1=" " ind2=" ">
      <subfield code="a">Journal:jnl34709</subfield>
      <subfield code="b">0167-8809</subfield>
      <subfield code="c">182</subfield>
      <subfield code="e">1</subfield>
    </datafield>
    <datafield tag="914" ind1=" " ind2=" ">
      <subfield code="f">Agriculture, ecosystems &amp; environment</subfield>
    </datafield>
    <datafield tag="916" ind1=" " ind2=" ">
      <subfield code="a">Batch:1424</subfield>
    </datafield>
    <datafield tag="917" ind1=" " ind2=" ">
      <subfield code="a">issued</subfield>
    </datafield>
    <datafield tag="918" ind1="2" ind2=" ">
      <subfield code="a">Elsevier Consyn</subfield>
      <subfield code="e">provider</subfield>
      <subfield code="5">DNAL</subfield>
    </datafield>
    <datafield tag="935" ind1=" " ind2=" ">
      <subfield code="a">IND605323986</subfield>
      <subfield code="9">ExL</subfield>
    </datafield>
    <datafield tag="949" ind1=" " ind2=" ">
      <subfield code="a">2019-03-18</subfield>
    </datafield>
    <datafield tag="953" ind1=" " ind2=" ">
      <subfield code="a">/data/metadata/incoming/consyn/46-2-00030-HEAD-ONLY.zip</subfield>
    </datafield>
    <datafield tag="954" ind1=" " ind2=" ">
      <subfield code="a">file:/data/metadata/staging/consyn/S0167880913004374.xml</subfield>
    </datafield>
    <datafield tag="955" ind1=" " ind2=" ">
      <subfield code="a">/data/metadata/staging/consyn/</subfield>
    </datafield>
    <datafield tag="974" ind1=" " ind2=" ">
      <subfield code="a">agid:5323986</subfield>
    </datafield>
    <datafield tag="983" ind1=" " ind2=" ">
      <subfield code="a">2019-03-18</subfield>
    </datafield>
    <datafield tag="984" ind1=" " ind2=" ">
      <subfield code="a">2019-03-18</subfield>
    </datafield>
  </record>