
  <record>
    <leader>02251nab a2200373 u 4500</leader>
    <controlfield tag="001">9916256544607426</controlfield>
    <controlfield tag="005">20221118014548.0</controlfield>
    <controlfield tag="008">151124e200003 xx |||||o|||||||||||eng||</controlfield>
    <datafield tag="016" ind1="7" ind2=" ">
      <subfield code="a">IND601292231</subfield>
      <subfield code="2">DNAL</subfield>
    </datafield>
    <datafield tag="024" ind1="7" ind2=" ">
      <subfield code="a">10.1656/1092-6194(2000)007[0007:SADFFO]2.0.CO;2</subfield>
      <subfield code="2">doi</subfield>
    </datafield>
    <datafield tag="035" ind1=" " ind2=" ">
      <subfield code="a">agid:1292231-01nal_inst</subfield>
    </datafield>
    <datafield tag="040" ind1=" " ind2=" ">
      <subfield code="a">AGL</subfield>
      <subfield code="b">eng</subfield>
      <subfield code="c">AGL</subfield>
    </datafield>
    <datafield tag="100" ind1="1" ind2=" ">
      <subfield code="a">McCormick, James T.</subfield>
      <subfield code="e">author</subfield>
    </datafield>
    <datafield tag="245" ind1="1" ind2="0">
      <subfield code="a">Season and distance from forest –– old field edge affect seed predation by
        white-footed mice</subfield>
    </datafield>
    <datafield tag="300" ind1=" " ind2=" ">
      <subfield code="a">p. 7-16.</subfield>
    </datafield>
    <datafield tag="520" ind1=" " ind2=" ">
      <subfield code="a">We studied the spatial pattern of seed predation across a forest-old field
        edge in both fall and winter to assess the potential for seed predators to influence plant
        spatial patterns. We used a 100 ×× 100 m grid that began 30 m inside the forest and extended
        60 m into the old field. Inside this grid we placed seed stations at regular 10 m intervals
        and monitored seed removal. Seed predation varied significantly across the edge gradient in
        both fall and winter with the highest rate of seed removal at the edge in both trials. The
        spatial pattern of seed predation also differed between seasons. The field portion of the
        site (≥≥ 30 m from the edge) was characterized by high seed removal rates in winter and low
        removal rates in fall. This spatial and temporal variation may alter tree establishment,
        causing long-term changes in plant community composition and structure.</subfield>
    </datafield>
    <datafield tag="592" ind1=" " ind2=" ">
      <subfield code="a">Publisher supplied data</subfield>
    </datafield>
    <datafield tag="700" ind1="1" ind2=" ">
      <subfield code="a">Meiners, Scott J.</subfield>
      <subfield code="e">author</subfield>
    </datafield>
    <datafield tag="773" ind1="0" ind2=" ">
      <subfield code="t">Northeastern naturalist.</subfield>
      <subfield code="g">2000 Mar., v. 7, no. 1 p.7-16</subfield>
      <subfield code="d">Humboldt Field Research Institute</subfield>
      <subfield code="x">1092-6194</subfield>
      <subfield code="7">nnas</subfield>
    </datafield>
    <datafield tag="787" ind1="1" ind2=" ">
      <subfield code="o">islandora_article_repository</subfield>
    </datafield>
    <datafield tag="787" ind1="1" ind2=" ">
      <subfield code="o">(Journal)19634</subfield>
    </datafield>
    <datafield tag="856" ind1="4" ind2="0">
      <subfield code="u"
        >http://dx.doi.org/10.1656%2F1092-6194%282000%29007%5B0007%3ASADFFO%5D2.0.CO%3B2</subfield>
      <subfield code="3">Available from publisher's site</subfield>
    </datafield>
    <datafield tag="912" ind1=" " ind2=" ">
      <subfield code="a">Article</subfield>
    </datafield>
    <datafield tag="914" ind1=" " ind2=" ">
      <subfield code="a">Journal:19634</subfield>
      <subfield code="b">1092-6194</subfield>
      <subfield code="c">7</subfield>
      <subfield code="d">1</subfield>
      <subfield code="e">7</subfield>
    </datafield>
    <datafield tag="914" ind1=" " ind2=" ">
      <subfield code="f">Northeastern naturalist</subfield>
    </datafield>
    <datafield tag="917" ind1=" " ind2=" ">
      <subfield code="a">hold</subfield>
    </datafield>
    <datafield tag="918" ind1="2" ind2=" ">
      <subfield code="a">BioOne</subfield>
      <subfield code="e">provider</subfield>
      <subfield code="5">DNAL</subfield>
    </datafield>
    <datafield tag="935" ind1=" " ind2=" ">
      <subfield code="a">IND601292231</subfield>
      <subfield code="9">ExL</subfield>
    </datafield>
    <datafield tag="949" ind1=" " ind2=" ">
      <subfield code="a">2016-03-25</subfield>
    </datafield>
    <datafield tag="953" ind1=" " ind2=" ">
      <subfield code="a">NENAv7i1-04282131-173313.zip</subfield>
    </datafield>
    <datafield tag="962" ind1=" " ind2=" ">
      <subfield code="a">Original article title in upper case</subfield>
    </datafield>
    <datafield tag="974" ind1=" " ind2=" ">
      <subfield code="a">agid:1292231</subfield>
    </datafield>
    <datafield tag="983" ind1=" " ind2=" ">
      <subfield code="a">2015-11-24</subfield>
    </datafield>
    <datafield tag="984" ind1=" " ind2=" ">
      <subfield code="a">2015-11-24</subfield>
    </datafield>
  </record>