
  <record>
    <leader>04755nab a2200697 u 4500</leader>
    <controlfield tag="001">9916257117507426</controlfield>
    <controlfield tag="005">20221118015930.0</controlfield>
    <controlfield tag="008">190614e20190509xx |||||o|||||||||||eng||</controlfield>
    <datafield tag="016" ind1="7" ind2=" ">
      <subfield code="a">IND606469673</subfield>
      <subfield code="2">DNAL</subfield>
    </datafield>
    <datafield tag="024" ind1="7" ind2=" ">
      <subfield code="a">10.3390/agronomy9050238</subfield>
      <subfield code="2">doi</subfield>
    </datafield>
    <datafield tag="035" ind1=" " ind2=" ">
      <subfield code="a">agid:6469673-01nal_inst</subfield>
    </datafield>
    <datafield tag="040" ind1=" " ind2=" ">
      <subfield code="a">AGL</subfield>
      <subfield code="b">eng</subfield>
      <subfield code="c">AGL</subfield>
    </datafield>
    <datafield tag="100" ind1="1" ind2=" ">
      <subfield code="a">Ma, Shengfang </subfield>
      <subfield code="e">author</subfield>
    </datafield>
    <datafield tag="245" ind1="1" ind2="0">
      <subfield code="a">Evaluating the Impacts of Continuous and Rotational Grazing on Tallgrass
        Prairie Landscape Using High-Spatial-Resolution Imagery</subfield>
    </datafield>
    <datafield tag="520" ind1=" " ind2=" ">
      <subfield code="a">This study evaluated the impacts of different grazing treatments
        (continuous (C) and rotational (R) grazing) on tallgrass prairie landscape, using
        high-spatial-resolution aerial imagery (1-m at RGB and near-infrared bands) of experimental
        C and R pastures within two replicates (Rep A and Rep B) in the southern Great Plains (SGP)
        of the United States. The imagery was acquired by the National Agriculture Imagery Program
        (NAIP) during the agricultural growing season of selected years (2010, 2013, 2015, and 2017)
        in the continental United States. Land cover maps were generated by combining visual
        interpolation, a support vector machine, and a decision tree classifier. Landscape metrics
        (class area, patch number, percentage of landscape, and fragmentation indices) were
        calculated from the FRAGSTATS (a computer software program designed to compute a wide
        variety of landscape metrics for categorical map patterns) based on land cover results. Both
        the metrics and land cover results were used to analyze landscape dynamics in the experiment
        pastures. Results showed that both grass and shrubs of different pastures differed largely
        in the same year and had significant annual dynamics controlled by climate. High stocking
        intensity delayed grass growth. A large proportion of bare soil occurred in sub-paddocks of
        rotational grazing that were just grazed or under grazing. Rep A experienced rapid shrub
        encroachment, with a large proportion of shrub at the beginning of the experiment. Shrub may
        occupy 41% of C and 15% of R in Rep A by 2030, as revealed by the linear regression analysis
        of shrub encroachment. In contrast, shrub encroachment was not significant in Rep B, which
        only had a small number of shrub patches at the beginning of the experiment. This result
        indicates that the shrub encroachment is mainly controlled by the initial status of the
        pastures instead of grazing management. However, the low temporal resolution of the NAIP
        imagery (one snapshot in two or three years) limits our comparison of the continuous and
        rotational grazing at the annual scale. Future studies need to combine NAIP imagery with
        other higher temporal resolution imagery (e.g., WorldView), in order to better evaluate the
        interannual variabilities of grass productivity and shrub encroachment.</subfield>
    </datafield>
    <datafield tag="592" ind1=" " ind2=" ">
      <subfield code="a">Publisher supplied data</subfield>
    </datafield>
    <datafield tag="593" ind1=" " ind2=" ">
      <subfield code="a">PubAg article</subfield>
    </datafield>
    <datafield tag="650" ind1=" " ind2="3">
      <subfield code="a">climate</subfield>
    </datafield>
    <datafield tag="650" ind1=" " ind2="3">
      <subfield code="a">computer software</subfield>
    </datafield>
    <datafield tag="650" ind1=" " ind2="3">
      <subfield code="a">decision support systems</subfield>
    </datafield>
    <datafield tag="650" ind1=" " ind2="3">
      <subfield code="a">grasses</subfield>
    </datafield>
    <datafield tag="650" ind1=" " ind2="3">
      <subfield code="a">grazing management</subfield>
    </datafield>
    <datafield tag="650" ind1=" " ind2="3">
      <subfield code="a">growing season</subfield>
    </datafield>
    <datafield tag="650" ind1=" " ind2="3">
      <subfield code="a">land cover</subfield>
    </datafield>
    <datafield tag="650" ind1=" " ind2="3">
      <subfield code="a">landscapes</subfield>
    </datafield>
    <datafield tag="650" ind1=" " ind2="3">
      <subfield code="a">pastures</subfield>
    </datafield>
    <datafield tag="650" ind1=" " ind2="3">
      <subfield code="a">regression analysis</subfield>
    </datafield>
    <datafield tag="650" ind1=" " ind2="3">
      <subfield code="a">remote sensing</subfield>
    </datafield>
    <datafield tag="650" ind1=" " ind2="3">
      <subfield code="a">rotational grazing</subfield>
    </datafield>
    <datafield tag="650" ind1=" " ind2="3">
      <subfield code="a">shrubs</subfield>
    </datafield>
    <datafield tag="650" ind1=" " ind2="3">
      <subfield code="a">soil</subfield>
    </datafield>
    <datafield tag="650" ind1=" " ind2="3">
      <subfield code="a">support vector machines</subfield>
    </datafield>
    <datafield tag="650" ind1=" " ind2="3">
      <subfield code="a">tallgrass prairies</subfield>
    </datafield>
    <datafield tag="651" ind1=" " ind2="3">
      <subfield code="a">Great Plains region</subfield>
    </datafield>
    <datafield tag="651" ind1=" " ind2="3">
      <subfield code="a">United States</subfield>
    </datafield>
    <datafield tag="700" ind1="1" ind2=" ">
      <subfield code="a">Zhou, Yuting </subfield>
      <subfield code="e">author</subfield>
      <subfield code="u">Department of Plant and Soil Sciences, Oklahoma State University,
        Stillwater, OK 74078, USA. yuting.zhou@okstate.edu</subfield>
    </datafield>
    <datafield tag="700" ind1="1" ind2=" ">
      <subfield code="a">Gowda, Prasanna H.</subfield>
      <subfield code="e">author</subfield>
    </datafield>
    <datafield tag="700" ind1="1" ind2=" ">
      <subfield code="a">Chen, Liangfu </subfield>
      <subfield code="e">author</subfield>
    </datafield>
    <datafield tag="700" ind1="1" ind2=" ">
      <subfield code="a">Starks, Patrick J.</subfield>
      <subfield code="e">author</subfield>
    </datafield>
    <datafield tag="700" ind1="1" ind2=" ">
      <subfield code="a">Steiner, Jean L.</subfield>
      <subfield code="e">author</subfield>
    </datafield>
    <datafield tag="700" ind1="1" ind2=" ">
      <subfield code="a">Neel, James P. S.</subfield>
      <subfield code="e">author</subfield>
    </datafield>
    <datafield tag="773" ind1="0" ind2=" ">
      <subfield code="t">Agronomy.</subfield>
      <subfield code="g">2019 May 09, v. 9, no. 5</subfield>
      <subfield code="d">Multidisciplinary Digital Publishing Institute</subfield>
      <subfield code="w">Journal:12361</subfield>
      <subfield code="x">2073-4395</subfield>
      <subfield code="7">nnas</subfield>
    </datafield>
    <datafield tag="787" ind1="1" ind2=" ">
      <subfield code="o">islandora_article_repository</subfield>
    </datafield>
    <datafield tag="787" ind1="1" ind2=" ">
      <subfield code="o">product_pubag</subfield>
    </datafield>
    <datafield tag="787" ind1="1" ind2=" ">
      <subfield code="o">(Journal)12361</subfield>
    </datafield>
    <datafield tag="856" ind1="4" ind2="0">
      <subfield code="u">http://dx.doi.org/10.3390/agronomy9050238</subfield>
      <subfield code="3">Available from publisher's site</subfield>
    </datafield>
    <datafield tag="912" ind1=" " ind2=" ">
      <subfield code="a">Article</subfield>
    </datafield>
    <datafield tag="914" ind1=" " ind2=" ">
      <subfield code="a">Journal:12361</subfield>
      <subfield code="b">2073-4395</subfield>
      <subfield code="c">9</subfield>
      <subfield code="d">5</subfield>
    </datafield>
    <datafield tag="914" ind1=" " ind2=" ">
      <subfield code="f">Agronomy</subfield>
    </datafield>
    <datafield tag="916" ind1=" " ind2=" ">
      <subfield code="a">Batch:2296</subfield>
    </datafield>
    <datafield tag="917" ind1=" " ind2=" ">
      <subfield code="a">issued</subfield>
    </datafield>
    <datafield tag="918" ind1="2" ind2=" ">
      <subfield code="a">Multidisciplinary Digital Publishing Institute</subfield>
      <subfield code="e">provider</subfield>
      <subfield code="5">DNAL</subfield>
    </datafield>
    <datafield tag="935" ind1=" " ind2=" ">
      <subfield code="a">IND606469673</subfield>
      <subfield code="9">ExL</subfield>
    </datafield>
    <datafield tag="949" ind1=" " ind2=" ">
      <subfield code="a">2019-09-06</subfield>
    </datafield>
    <datafield tag="953" ind1=" " ind2=" ">
      <subfield code="a"
        >/data/metadata/incoming/mdpinstitute/agronomy-v09-i05-20190531.xml</subfield>
    </datafield>
    <datafield tag="954" ind1=" " ind2=" ">
      <subfield code="a"
        >file:/data/metadata/staging/mdpinstitute/agronomy-v09-i05-20190531.xml</subfield>
    </datafield>
    <datafield tag="955" ind1=" " ind2=" ">
      <subfield code="a">/data/metadata/staging/mdpinstitute/</subfield>
    </datafield>
    <datafield tag="962" ind1=" " ind2=" ">
      <subfield code="a">Batch:2296 reviewed on 2019-09-06T13:00:05Z</subfield>
    </datafield>
    <datafield tag="974" ind1=" " ind2=" ">
      <subfield code="a">agid:6469673</subfield>
    </datafield>
    <datafield tag="983" ind1=" " ind2=" ">
      <subfield code="a">2019-06-14</subfield>
    </datafield>
    <datafield tag="984" ind1=" " ind2=" ">
      <subfield code="a">2019-09-06</subfield>
    </datafield>
  </record>