
  <record>
    <leader>06356nab a2200745 u 4500</leader>
    <controlfield tag="001">9916257201207426</controlfield>
    <controlfield tag="005">20221118020457.0</controlfield>
    <controlfield tag="008">211106e202111 xx |||||o|||||||||||eng||</controlfield>
    <datafield tag="016" ind1="7" ind2=" ">
      <subfield code="a">IND607489463</subfield>
      <subfield code="2">DNAL</subfield>
    </datafield>
    <datafield tag="024" ind1="7" ind2=" ">
      <subfield code="a">10.1016/j.envres.2021.111887</subfield>
      <subfield code="2">doi</subfield>
    </datafield>
    <datafield tag="035" ind1=" " ind2=" ">
      <subfield code="a">agid:7489463-01nal_inst</subfield>
    </datafield>
    <datafield tag="040" ind1=" " ind2=" ">
      <subfield code="a">AGL</subfield>
      <subfield code="b">eng</subfield>
      <subfield code="c">AGL</subfield>
    </datafield>
    <datafield tag="100" ind1="1" ind2=" ">
      <subfield code="a">Zhao, Naizhuo</subfield>
      <subfield code="e">author</subfield>
      <subfield code="u">Centre d’étude de la forêt, Département des Sciences Biologiques,
        Université du Québec à Montréal, Montréal, QC, Canada</subfield>
      <subfield code="1">https://orcid.org/0000-0002-1778-2112</subfield>
    </datafield>
    <datafield tag="245" ind1="1" ind2="0">
      <subfield code="a">Tree characteristics and environmental noise in complex urban settings – A
        case study from Montreal, Canada</subfield>
    </datafield>
    <datafield tag="520" ind1=" " ind2=" ">
      <subfield code="a">Field studies have shown that dense tree canopies and regular tree
        arrangements reduce noise from a point source. In urban areas, noise sources are multiple
        and tree arrangements are rarely dense. There is a lack of data on the association between
        the urban tree canopy characteristics and noise in complex urban settings. Our aim was to
        investigate the spatial variation of urban tree canopy characteristics, indices of
        vegetation abundance, and environmental noise levels. Using Light Detection and Ranging
        point cloud data for 2015, we extracted the characteristics of 1,272,069 public and private
        trees across the island of Montreal, Canada. We distinguished needle-leaf from broadleaf
        trees, and calculated the percentage of broadleaf trees, the total area of the crown
        footprint, the mean crown centroid height, and the mean volume of crowns of trees that were
        located within 100m, 250m, 500m, and 1000m buffers around 87 in situ noise measurement
        sites. A random forest model incorporating tree characteristics, the normalized difference
        vegetation index (NDVI) values, and the distances to major urban noise sources (highways,
        railways and roads) was employed to estimate variation in noise among measurement locations.
        We found decreasing trends in noise levels with increases in total area of the crown
        footprint and mean crown centroid height. The percentages of increased mean squared error of
        the regression models indicated that in 500m buffers the total area of the crown footprint
        (29.2%) and the mean crown centroid height (12.6%) had a stronger influence than NDVI (3.2%)
        in modeling noise levels; similar patterns of influence were observed using other buffers.
        Our findings suggest that municipal initiatives designed to reduce urban noise should
        account for tree features, and not just the number of trees or the overall amount of
        vegetation.</subfield>
    </datafield>
    <datafield tag="592" ind1=" " ind2=" ">
      <subfield code="a">Publisher supplied data</subfield>
    </datafield>
    <datafield tag="593" ind1=" " ind2=" ">
      <subfield code="a">PubAg article</subfield>
    </datafield>
    <datafield tag="650" ind1=" " ind2="3">
      <subfield code="a">algorithms</subfield>
    </datafield>
    <datafield tag="650" ind1=" " ind2="3">
      <subfield code="a">canopy</subfield>
    </datafield>
    <datafield tag="650" ind1=" " ind2="3">
      <subfield code="a">case studies</subfield>
    </datafield>
    <datafield tag="650" ind1=" " ind2="3">
      <subfield code="a">data collection</subfield>
    </datafield>
    <datafield tag="650" ind1=" " ind2="3">
      <subfield code="a">normalized difference vegetation index</subfield>
    </datafield>
    <datafield tag="650" ind1=" " ind2="3">
      <subfield code="a">research</subfield>
    </datafield>
    <datafield tag="650" ind1=" " ind2="3">
      <subfield code="a">vegetation</subfield>
    </datafield>
    <datafield tag="651" ind1=" " ind2="3">
      <subfield code="a">Canada</subfield>
    </datafield>
    <datafield tag="653" ind1=" " ind2="0">
      <subfield code="a">Urban sounds</subfield>
    </datafield>
    <datafield tag="653" ind1=" " ind2="0">
      <subfield code="a">Urban trees</subfield>
    </datafield>
    <datafield tag="653" ind1=" " ind2="0">
      <subfield code="a">Light detection and ranging (LiDAR)</subfield>
    </datafield>
    <datafield tag="653" ind1=" " ind2="0">
      <subfield code="a">Random forest</subfield>
    </datafield>
    <datafield tag="653" ind1=" " ind2="0">
      <subfield code="a">Normalized difference vegetation index (NDVI)</subfield>
    </datafield>
    <datafield tag="653" ind1=" " ind2="0">
      <subfield code="a">Green space</subfield>
    </datafield>
    <datafield tag="700" ind1="1" ind2=" ">
      <subfield code="a">Prieur, Jean-François</subfield>
      <subfield code="e">author</subfield>
      <subfield code="u">Centre d’étude de la forêt, Département des Sciences Biologiques,
        Université du Québec à Montréal, Montréal, QC, Canada</subfield>
      <subfield code="1">https://orcid.org/0000-0002-6555-7278</subfield>
    </datafield>
    <datafield tag="700" ind1="1" ind2=" ">
      <subfield code="a">Liu, Ying</subfield>
      <subfield code="e">author</subfield>
      <subfield code="u">Department of Environmental and Occupational Health, School of Public
        Health, University of Montreal, Montreal, QC, Canada</subfield>
    </datafield>
    <datafield tag="700" ind1="1" ind2=" ">
      <subfield code="a">Kneeshaw, Daniel</subfield>
      <subfield code="e">author</subfield>
      <subfield code="u">Centre d’étude de la forêt, Département des Sciences Biologiques,
        Université du Québec à Montréal, Montréal, QC, Canada</subfield>
    </datafield>
    <datafield tag="700" ind1="1" ind2=" ">
      <subfield code="a">Lapointe, Eugénie Morasse</subfield>
      <subfield code="e">author</subfield>
      <subfield code="u">Centre d’étude de la forêt, Département des Sciences Biologiques,
        Université du Québec à Montréal, Montréal, QC, Canada</subfield>
    </datafield>
    <datafield tag="700" ind1="1" ind2=" ">
      <subfield code="a">Paquette, Alain</subfield>
      <subfield code="e">author</subfield>
      <subfield code="u">Centre d’étude de la forêt, Département des Sciences Biologiques,
        Université du Québec à Montréal, Montréal, QC, Canada</subfield>
      <subfield code="1">https://orcid.org/0000-0003-1048-9674</subfield>
    </datafield>
    <datafield tag="700" ind1="1" ind2=" ">
      <subfield code="a">Zinszer, Kate</subfield>
      <subfield code="e">author</subfield>
      <subfield code="u">Department of Environmental and Occupational Health, School of Public
        Health, University of Montreal, Montreal, QC, Canada</subfield>
      <subfield code="1">https://orcid.org/0000-0003-1388-1145</subfield>
    </datafield>
    <datafield tag="700" ind1="1" ind2=" ">
      <subfield code="a">Dupras, Jérôme</subfield>
      <subfield code="e">author</subfield>
      <subfield code="u">Institut des Sciences de la Forêt Tempérée, Université du Québec en
        Outaouais, Ripon, QC, Canada</subfield>
    </datafield>
    <datafield tag="700" ind1="1" ind2=" ">
      <subfield code="a">Villeneuve, Paul J.</subfield>
      <subfield code="e">author</subfield>
      <subfield code="u">School of Mathematics and Statistics and Department of Neuroscience,
        Carleton University, Ottawa, ON, Canada</subfield>
    </datafield>
    <datafield tag="700" ind1="1" ind2=" ">
      <subfield code="a">Rainham, Daniel G.</subfield>
      <subfield code="e">author</subfield>
      <subfield code="u">School of Health and Human Performance and the Healthy Populations
        Institute, Dalhousie University, Halifax, NS, Canada</subfield>
      <subfield code="1">https://orcid.org/0000-0002-3932-2942</subfield>
    </datafield>
    <datafield tag="700" ind1="1" ind2=" ">
      <subfield code="a">Lavigne, Eric</subfield>
      <subfield code="e">author</subfield>
      <subfield code="u">Air Health Science Division, Health Canada, Ottawa, ON, Canada</subfield>
      <subfield code="1">https://orcid.org/0000-0001-6146-9839</subfield>
    </datafield>
    <datafield tag="700" ind1="1" ind2=" ">
      <subfield code="a">Chen, Hong</subfield>
      <subfield code="e">author</subfield>
      <subfield code="u">Environmental Health Science and Research Bureau, Health Canada, Ottawa,
        ON, Canada</subfield>
    </datafield>
    <datafield tag="700" ind1="1" ind2=" ">
      <subfield code="a">van den Bosch, Matilda</subfield>
      <subfield code="e">author</subfield>
      <subfield code="u">School of Population and Public Health, Faculty of Medicine, The University
        of British Columbia, BC, Canada</subfield>
    </datafield>
    <datafield tag="700" ind1="1" ind2=" ">
      <subfield code="a">Oiamo, Tor</subfield>
      <subfield code="e">author</subfield>
      <subfield code="u">Department of Geography and Environmental Studies, Ryerson University,
        Toronto, ON, Canada</subfield>
    </datafield>
    <datafield tag="700" ind1="1" ind2=" ">
      <subfield code="a">Smargiassi, Audrey</subfield>
      <subfield code="e">author</subfield>
      <subfield code="u">Department of Environmental and Occupational Health, School of Public
        Health, University of Montreal, Montreal, QC, Canada</subfield>
    </datafield>
    <datafield tag="773" ind1="0" ind2=" ">
      <subfield code="t">Environmental research.</subfield>
      <subfield code="g">2021 Nov., v. 202 p.111887-</subfield>
      <subfield code="d">Elsevier Inc.</subfield>
      <subfield code="w">Journal:12442</subfield>
      <subfield code="x">0013-9351</subfield>
      <subfield code="7">nnas</subfield>
    </datafield>
    <datafield tag="787" ind1="1" ind2=" ">
      <subfield code="o">islandora_article_repository</subfield>
    </datafield>
    <datafield tag="787" ind1="1" ind2=" ">
      <subfield code="o">product_pubag</subfield>
    </datafield>
    <datafield tag="787" ind1="1" ind2=" ">
      <subfield code="o">(Journal)12442</subfield>
    </datafield>
    <datafield tag="856" ind1="4" ind2="0">
      <subfield code="u">https://dx.doi.org/10.1016/j.envres.2021.111887</subfield>
      <subfield code="3">Available from publisher's site</subfield>
    </datafield>
    <datafield tag="912" ind1=" " ind2=" ">
      <subfield code="a">Article</subfield>
    </datafield>
    <datafield tag="914" ind1=" " ind2=" ">
      <subfield code="a">Journal:12442</subfield>
      <subfield code="b">0013-9351</subfield>
      <subfield code="e">111887</subfield>
    </datafield>
    <datafield tag="914" ind1=" " ind2=" ">
      <subfield code="f">Environmental research</subfield>
    </datafield>
    <datafield tag="916" ind1=" " ind2=" ">
      <subfield code="a">Batch:10192</subfield>
    </datafield>
    <datafield tag="917" ind1=" " ind2=" ">
      <subfield code="a">issued</subfield>
    </datafield>
    <datafield tag="918" ind1="2" ind2=" ">
      <subfield code="a">Elsevier Consyn</subfield>
      <subfield code="e">provider</subfield>
      <subfield code="5">DNAL</subfield>
    </datafield>
    <datafield tag="935" ind1=" " ind2=" ">
      <subfield code="a">IND607489463</subfield>
      <subfield code="9">ExL</subfield>
    </datafield>
    <datafield tag="949" ind1=" " ind2=" ">
      <subfield code="a">2022-02-23</subfield>
    </datafield>
    <datafield tag="952" ind1=" " ind2=" ">
      <subfield code="d">NAL-AP-2-clean</subfield>
    </datafield>
    <datafield tag="953" ind1=" " ind2=" ">
      <subfield code="a">/data/metadata/incoming/consyn/155954355040869605-00001-HEAD-ONLY-NEW
        CONSYN ISSNS.zip</subfield>
    </datafield>
    <datafield tag="954" ind1=" " ind2=" ">
      <subfield code="a">file:/data/metadata/staging/consyn/S0013935121011828.xml</subfield>
    </datafield>
    <datafield tag="955" ind1=" " ind2=" ">
      <subfield code="a">/data/metadata/staging/consyn/</subfield>
    </datafield>
    <datafield tag="974" ind1=" " ind2=" ">
      <subfield code="a">agid:7489463</subfield>
    </datafield>
    <datafield tag="983" ind1=" " ind2=" ">
      <subfield code="a">2021-11-06</subfield>
    </datafield>
    <datafield tag="984" ind1=" " ind2=" ">
      <subfield code="a">2022-02-19</subfield>
    </datafield>
  </record>