
  <record>
    <leader>04089nab a2200649 u 4500</leader>
    <controlfield tag="001">9916257919007426</controlfield>
    <controlfield tag="005">20221118023147.0</controlfield>
    <controlfield tag="008">151124e201506 xx |||||o|||||||||||eng||</controlfield>
    <datafield tag="016" ind1="7" ind2=" ">
      <subfield code="a">IND604664072</subfield>
      <subfield code="2">DNAL</subfield>
    </datafield>
    <datafield tag="035" ind1=" " ind2=" ">
      <subfield code="a">agid:4664072-01nal_inst</subfield>
    </datafield>
    <datafield tag="040" ind1=" " ind2=" ">
      <subfield code="a">AGL</subfield>
      <subfield code="b">eng</subfield>
      <subfield code="c">AGL</subfield>
    </datafield>
    <datafield tag="100" ind1="1" ind2=" ">
      <subfield code="a">Severtson, Dustin</subfield>
      <subfield code="e">author</subfield>
      <subfield code="u">The University of Western Australia, School of Animal Biology, The UWA
        Institute of Agriculture, 35 Stirling Highway, Crawley, Perth, Western Australia 6009,
        Australia.</subfield>
    </datafield>
    <datafield tag="245" ind1="1" ind2="0">
      <subfield code="a">Nonrandom Distribution of Cabbage Aphids (Hemiptera: Aphididae) in Dryland
        Canola (Brassicales: Brassicaceae)</subfield>
    </datafield>
    <datafield tag="300" ind1=" " ind2=" ">
      <subfield code="a">p. 767-779.</subfield>
    </datafield>
    <datafield tag="500" ind1=" " ind2=" ">
      <subfield code="a">2019-12-06</subfield>
    </datafield>
    <datafield tag="520" ind1=" " ind2=" ">
      <subfield code="a">Characterization of spatial distribution patterns of pests in large-scale
        agricultural fields is important because these patterns affect the sampling effort needed to
        accurately detect and estimate their population density. In this study, we conducted
        experimental releases of alate cabbage aphids (Brevicoryne brassicae L.) into centers of
        small plots of canola (Brassica napus L.), and their gradual spread over a 7-wk period was
        characterized. The small-plot experiment demonstrated gradient effects from plot centers and
        a nonrandom vertical distribution, with initial colonization occurring on the abaxial side
        of lower canopy leaves and, later, highest numbers of cabbage aphids occurring on racemes.We
        also conducted large-scale distribution analyses of cabbage aphid infestations in two
        commercial canola fields, using visual inspection and sweep net sampling. We used canola
        plant phenological and landscape features as explanatory variables of the spatial
        distribution of cabbage aphid counts. These large-scale experiments showed strong edge
        effects with negative associations between cabbage aphid counts and distance to crop edges,
        including tree lines and contour banks. Cabbage aphid distribution was more effectively
        displayed using logistic regression than ordinary regression, Spatial Analysis by Distance
        IndicEs, or both. Based on the study findings, a nonrandom or optimized inspection approach
        is proposed to focus monitoring efforts on canola plants within 20 m from field edges with
        particular attention to the abaxial side of lower-canopy leaves. Detection of advanced
        cabbage aphid infestations should target the racemes within 20 m from field
        edges.</subfield>
    </datafield>
    <datafield tag="592" ind1=" " ind2=" ">
      <subfield code="a">Publisher supplied data</subfield>
    </datafield>
    <datafield tag="650" ind1=" " ind2="3">
      <subfield code="a">inflorescences</subfield>
    </datafield>
    <datafield tag="650" ind1=" " ind2="3">
      <subfield code="a">canola</subfield>
    </datafield>
    <datafield tag="650" ind1=" " ind2="3">
      <subfield code="a">canopy</subfield>
    </datafield>
    <datafield tag="650" ind1=" " ind2="3">
      <subfield code="a">monitoring</subfield>
    </datafield>
    <datafield tag="650" ind1=" " ind2="3">
      <subfield code="a">arid lands</subfield>
    </datafield>
    <datafield tag="650" ind1=" " ind2="3">
      <subfield code="a">landscapes</subfield>
    </datafield>
    <datafield tag="650" ind1=" " ind2="3">
      <subfield code="a">edge effects</subfield>
    </datafield>
    <datafield tag="650" ind1=" " ind2="3">
      <subfield code="a">cabbage</subfield>
    </datafield>
    <datafield tag="650" ind1=" " ind2="3">
      <subfield code="a">regression analysis</subfield>
    </datafield>
    <datafield tag="650" ind1=" " ind2="3">
      <subfield code="a">sweep nets</subfield>
    </datafield>
    <datafield tag="650" ind1=" " ind2="3">
      <subfield code="a">Brevicoryne brassicae</subfield>
    </datafield>
    <datafield tag="650" ind1=" " ind2="3">
      <subfield code="a">pests</subfield>
    </datafield>
    <datafield tag="650" ind1=" " ind2="3">
      <subfield code="a">Brassica napus</subfield>
    </datafield>
    <datafield tag="650" ind1=" " ind2="3">
      <subfield code="a">population density</subfield>
    </datafield>
    <datafield tag="650" ind1=" " ind2="3">
      <subfield code="a">treeline</subfield>
    </datafield>
    <datafield tag="650" ind1=" " ind2="3">
      <subfield code="a">leaves</subfield>
    </datafield>
    <datafield tag="653" ind1=" " ind2="0">
      <subfield code="a">spatial distribution</subfield>
    </datafield>
    <datafield tag="653" ind1=" " ind2="0">
      <subfield code="a">edge effect</subfield>
    </datafield>
    <datafield tag="653" ind1=" " ind2="0">
      <subfield code="a">integrated pest management</subfield>
    </datafield>
    <datafield tag="653" ind1=" " ind2="0">
      <subfield code="a">targeted sampling</subfield>
    </datafield>
    <datafield tag="653" ind1=" " ind2="0">
      <subfield code="a">Hemiptera</subfield>
    </datafield>
    <datafield tag="700" ind1="1" ind2=" ">
      <subfield code="a">Flower, Ken</subfield>
      <subfield code="e">author</subfield>
      <subfield code="u">The University of Western Australia, School of Plant Biology, The UWA
        Institute of Agriculture, 35 Stirling Highway, Crawley, Perth, Western Australia 6009,
        Australia.</subfield>
    </datafield>
    <datafield tag="700" ind1="1" ind2=" ">
      <subfield code="a">Nansen, Christian</subfield>
      <subfield code="e">author</subfield>
      <subfield code="u">The University of Western Australia, School of Animal Biology, The UWA
        Institute of Agriculture, 35 Stirling Highway, Crawley, Perth, Western Australia 6009,
        Australia.</subfield>
    </datafield>
    <datafield tag="773" ind1="0" ind2=" ">
      <subfield code="t">Environmental entomology.</subfield>
      <subfield code="g">2015 June, v. 44, no. 3 p.767-779</subfield>
      <subfield code="d">Entomological Society of America</subfield>
      <subfield code="x">0046-225X</subfield>
      <subfield code="7">nnas</subfield>
    </datafield>
    <datafield tag="787" ind1="1" ind2=" ">
      <subfield code="o">islandora_article_repository</subfield>
    </datafield>
    <datafield tag="787" ind1="1" ind2=" ">
      <subfield code="o">(Journal)jnl3243</subfield>
    </datafield>
    <datafield tag="912" ind1=" " ind2=" ">
      <subfield code="a">Article</subfield>
    </datafield>
    <datafield tag="914" ind1=" " ind2=" ">
      <subfield code="a">Journal:jnl3243</subfield>
      <subfield code="b">0046-225X</subfield>
      <subfield code="c">44</subfield>
      <subfield code="d">3</subfield>
      <subfield code="e">767</subfield>
    </datafield>
    <datafield tag="914" ind1=" " ind2=" ">
      <subfield code="f">Environmental entomology</subfield>
    </datafield>
    <datafield tag="916" ind1=" " ind2=" ">
      <subfield code="a">Batch:1194</subfield>
    </datafield>
    <datafield tag="917" ind1=" " ind2=" ">
      <subfield code="a">issued</subfield>
    </datafield>
    <datafield tag="918" ind1="2" ind2=" ">
      <subfield code="a">BioOne</subfield>
      <subfield code="e">provider</subfield>
      <subfield code="5">DNAL</subfield>
    </datafield>
    <datafield tag="935" ind1=" " ind2=" ">
      <subfield code="a">IND604664072</subfield>
      <subfield code="9">ExL</subfield>
    </datafield>
    <datafield tag="949" ind1=" " ind2=" ">
      <subfield code="a">2016-02-09</subfield>
    </datafield>
    <datafield tag="953" ind1=" " ind2=" ">
      <subfield code="a">ENVEv44i3-07080518-488236.zip</subfield>
    </datafield>
    <datafield tag="962" ind1=" " ind2=" ">
      <subfield code="a">No DOI</subfield>
    </datafield>
    <datafield tag="962" ind1=" " ind2=" ">
      <subfield code="a">Batch:1194 reviewed on 2016-02-09T14:00:02Z</subfield>
    </datafield>
    <datafield tag="974" ind1=" " ind2=" ">
      <subfield code="a">agid:4664072</subfield>
    </datafield>
    <datafield tag="983" ind1=" " ind2=" ">
      <subfield code="a">2015-11-24</subfield>
    </datafield>
    <datafield tag="984" ind1=" " ind2=" ">
      <subfield code="a">2016-02-09</subfield>
    </datafield>
  </record>