
  <record>
    <leader>03548nab a2200409 u 4500</leader>
    <controlfield tag="001">9916257928807426</controlfield>
    <controlfield tag="005">20221118023104.0</controlfield>
    <controlfield tag="008">151124e201302 xx |||||o|||||||||||eng||</controlfield>
    <datafield tag="016" ind1="7" ind2=" ">
      <subfield code="a">IND604664062</subfield>
      <subfield code="2">DNAL</subfield>
    </datafield>
    <datafield tag="024" ind1="7" ind2=" ">
      <subfield code="a">10.1603/EN12003</subfield>
      <subfield code="2">doi</subfield>
    </datafield>
    <datafield tag="035" ind1=" " ind2=" ">
      <subfield code="a">agid:4664062-01nal_inst</subfield>
    </datafield>
    <datafield tag="040" ind1=" " ind2=" ">
      <subfield code="a">AGL</subfield>
      <subfield code="b">eng</subfield>
      <subfield code="c">AGL</subfield>
    </datafield>
    <datafield tag="100" ind1="1" ind2=" ">
      <subfield code="a">Boulanger, Yan</subfield>
      <subfield code="e">author</subfield>
      <subfield code="u">Ressources naturelles Canada, Service canadien des forêts, Centre de
        foresterie des Laurentides, 1055, rue du P.E.P.S., C. P. 10380, Québec (Québec) Canada GIV
        4C7.</subfield>
    </datafield>
    <datafield tag="245" ind1="1" ind2="0">
      <subfield code="a">Distribution Patterns of Three Long-Horned Beetles (Coleoptera:
        Cerambycidae) Shortly After Fire in Boreal Forest: Adults Colonizing Stands Versus Progeny
        Emerging from Trees</subfield>
    </datafield>
    <datafield tag="300" ind1=" " ind2=" ">
      <subfield code="a">p. 17-28.</subfield>
    </datafield>
    <datafield tag="520" ind1=" " ind2=" ">
      <subfield code="a">We identified the factors that affect the early colonization of burned
        stands by adults and the progeny surviving in fire-killed black spruce trees for three
        cerambycid beetles: Acmaeops proteus proteus (Kirby), Acmaeops pratensis (Laicharting), and
        Monochamus scutellatus scutellatus (Say) (Coleoptera: Cerambycidae) in the northern Canadian
        boreal forest. Furthermore, we measured if progeny emerging from burned trees was related to
        patterns of adults captured in traps the same year as the fire. Fire severity at the stand
        and landscape scales were the most important predictors for colonizing adults. Except for A.
        pratensis, thick-barked and lightly burned trees positively influenced the occurrence of
        surviving progeny at the tree level. Last-instar larvae of A. pratensis emerged from burned
        trees more often in severely burned landscapes. This may result from biotic interactions
        with intraguild species or predators. With the exception of A. pratensis, variables
        affecting the postfire abundance and occurrence pattern of adults were strikingly different
        from progeny emerging after fire. Progeny emerging from burned trees was almost exclusively
        related to tree- or stand level characteristics, whereas colonizing adults were correlated
        with variables measured at various spatial scales, and most often at the landscape scale.
        Moreover, A. proteus proteus and M. scutellatus scutellatus adults were more common in
        severely burned landscapes, although their progeny emerged more often in lightly or
        moderately burned trees. Host selection behavior within stands (e.g., host acceptance) by
        colonizing adults or host suitability for the larvae might have caused this
        discrepancy.</subfield>
    </datafield>
    <datafield tag="592" ind1=" " ind2=" ">
      <subfield code="a">Publisher supplied data</subfield>
    </datafield>
    <datafield tag="653" ind1=" " ind2="0">
      <subfield code="a">Cerambycidae</subfield>
    </datafield>
    <datafield tag="653" ind1=" " ind2="0">
      <subfield code="a">boreal forest</subfield>
    </datafield>
    <datafield tag="653" ind1=" " ind2="0">
      <subfield code="a">fire</subfield>
    </datafield>
    <datafield tag="653" ind1=" " ind2="0">
      <subfield code="a">optimality theory</subfield>
    </datafield>
    <datafield tag="700" ind1="1" ind2=" ">
      <subfield code="a">Sirois, Luc</subfield>
      <subfield code="e">author</subfield>
      <subfield code="u">Centre d' étude de la forêt, Université du Québec à Rimouski, 300 Allée des
        Ursulines, Rimouski, Québec, Canada, G5L 3A 1.</subfield>
    </datafield>
    <datafield tag="700" ind1="1" ind2=" ">
      <subfield code="a">Hébert, Christian</subfield>
      <subfield code="e">author</subfield>
      <subfield code="u">Ressources naturelles Canada, Service canadien des forêts, Centre de
        foresterie des Laurentides, 1055, rue du P.E.P.S., C. P. 10380, Québec (Québec) Canada GIV
        4C7.</subfield>
    </datafield>
    <datafield tag="773" ind1="0" ind2=" ">
      <subfield code="t">Environmental entomology.</subfield>
      <subfield code="g">, v. 42, no. 1 p.17-28</subfield>
      <subfield code="d">Entomological Society of America</subfield>
      <subfield code="w">Journal:jnl3243</subfield>
      <subfield code="x">0046-225X</subfield>
      <subfield code="7">nnas</subfield>
    </datafield>
    <datafield tag="787" ind1="1" ind2=" ">
      <subfield code="o">islandora_article_repository</subfield>
    </datafield>
    <datafield tag="787" ind1="1" ind2=" ">
      <subfield code="o">(Journal)jnl3243</subfield>
    </datafield>
    <datafield tag="856" ind1="4" ind2="0">
      <subfield code="u">http://dx.doi.org/10.1603/EN12003</subfield>
    </datafield>
    <datafield tag="912" ind1=" " ind2=" ">
      <subfield code="a">Article</subfield>
    </datafield>
    <datafield tag="914" ind1=" " ind2=" ">
      <subfield code="a">Journal:jnl3243</subfield>
      <subfield code="b">0046-225X</subfield>
      <subfield code="c">42</subfield>
      <subfield code="d">1</subfield>
      <subfield code="e">17</subfield>
    </datafield>
    <datafield tag="914" ind1=" " ind2=" ">
      <subfield code="f">Environmental entomology</subfield>
    </datafield>
    <datafield tag="917" ind1=" " ind2=" ">
      <subfield code="a">review</subfield>
    </datafield>
    <datafield tag="918" ind1="2" ind2=" ">
      <subfield code="a">BioOne</subfield>
      <subfield code="e">provider</subfield>
      <subfield code="5">DNAL</subfield>
    </datafield>
    <datafield tag="935" ind1=" " ind2=" ">
      <subfield code="a">IND604664062</subfield>
      <subfield code="9">ExL</subfield>
    </datafield>
    <datafield tag="953" ind1=" " ind2=" ">
      <subfield code="a">ENVEv42i1-02060214-249420.zip</subfield>
    </datafield>
    <datafield tag="974" ind1=" " ind2=" ">
      <subfield code="a">agid:4664062</subfield>
    </datafield>
    <datafield tag="983" ind1=" " ind2=" ">
      <subfield code="a">2015-11-24</subfield>
    </datafield>
    <datafield tag="984" ind1=" " ind2=" ">
      <subfield code="a">2018-03-29</subfield>
    </datafield>
  </record>