
  <record>
    <leader>04311nab a2200625 u 4500</leader>
    <controlfield tag="001">9916258049207426</controlfield>
    <controlfield tag="005">20221118023019.0</controlfield>
    <controlfield tag="008">041028e200410 xx |||||o|||||||||||eng||</controlfield>
    <datafield tag="016" ind1="7" ind2=" ">
      <subfield code="a">IND43652524</subfield>
      <subfield code="2">DNAL</subfield>
    </datafield>
    <datafield tag="024" ind1="7" ind2=" ">
      <subfield code="a">10.1111/j.0022-0477.2004.00918.x</subfield>
      <subfield code="2">doi</subfield>
    </datafield>
    <datafield tag="035" ind1=" " ind2=" ">
      <subfield code="a">agid:1391693-01nal_inst</subfield>
    </datafield>
    <datafield tag="040" ind1=" " ind2=" ">
      <subfield code="a">AGL</subfield>
      <subfield code="b">eng</subfield>
      <subfield code="c">AGL</subfield>
    </datafield>
    <datafield tag="072" ind1=" " ind2="0">
      <subfield code="a"> F600 </subfield>
    </datafield>
    <datafield tag="072" ind1=" " ind2="0">
      <subfield code="a"> F300 </subfield>
    </datafield>
    <datafield tag="072" ind1=" " ind2="0">
      <subfield code="a"> K001 </subfield>
    </datafield>
    <datafield tag="072" ind1=" " ind2="0">
      <subfield code="a"> M001 </subfield>
    </datafield>
    <datafield tag="072" ind1=" " ind2="0">
      <subfield code="a"> X100 </subfield>
    </datafield>
    <datafield tag="100" ind1="1" ind2=" ">
      <subfield code="a">Hampe, A.</subfield>
    </datafield>
    <datafield tag="245" ind1="1" ind2="0">
      <subfield code="a">Extensive hydrochory uncouples spatiotemporal patterns of seedfall and
        seedling recruitment in a 'bird-dispersed riparian tree</subfield>
    </datafield>
    <datafield tag="300" ind1=" " ind2=" ">
      <subfield code="a">p. 797-807.</subfield>
    </datafield>
    <datafield tag="520" ind1=" " ind2=" ">
      <subfield code="a">1. Initial recruitment is by far the most variable and least predictable
        phase of the plant life cycle. Its dynamics remain little known, particularly in complex
        seed dispersal systems and over multiple reproductive cycles. 2. Seeds of the tree Frangula
        alnus are usually dispersed by frugivorous birds. Mediterranean populations, however, are
        mostly restricted to riparian forests, and their seeds may be re-distributed during the
        winter by elevated stream water flow. Strength and frequency of peak discharges vary greatly
        from year to year. I investigated spatiotemporal variation of initial recruitment by
        monitoring fruit production, seedfall and seedling emergence over 4 years along permanent
        transects in two F. alnus populations growing along small mountain streams in southern
        Spain. 3. Seedling abundance varied greatly among years and independently of fruit or
        primary seedfall abundance. Spatial distributions of both seedfall and seedling emergence
        were highly consistent among years. Bird-mediated seedfall density decreased exponentially
        with both increasing distance from the nearest fruiting tree and the decrease of its crop
        size. Seedling emergence was, however, uncoupled in space from the previous year's seedfall,
        both across single sample points and entire 60-m transects. Dispersal experiments with seed
        mimics revealed that flooding caused secondary dispersal of much of the population seed pool
        over several scores of metres. 4. Seed re-distribution by water appears to override patterns
        of primary (bird-generated) seedfall and to determine spatial patterns of seedling
        recruitment. Seedling emergence is, however, more stable across years than would be expected
        given the unpredictability of rainfall (and thus stream flow), suggesting that seed
        deposition may be primarily determined by relatively stable microsite characteristics. 5.
        The dynamics of seed rain patterns are of critical importance for plant population
        demography and spatial structures. The finding that even complex, multistep dispersal
        systems may produce remarkably consistent year-to-year distributions of recruits has
        important implications for the interpretation of long-term patterns of riparian plant
        regeneration at the landscape level and resulting conservation management.</subfield>
    </datafield>
    <datafield tag="593" ind1=" " ind2=" ">
      <subfield code="a">PubAg article</subfield>
    </datafield>
    <datafield tag="650" ind1=" " ind2="3">
      <subfield code="a">seed dispersal</subfield>
    </datafield>
    <datafield tag="650" ind1=" " ind2="3">
      <subfield code="a">spatial distribution</subfield>
    </datafield>
    <datafield tag="650" ind1=" " ind2="3">
      <subfield code="a">temporal variation</subfield>
    </datafield>
    <datafield tag="650" ind1=" " ind2="3">
      <subfield code="a">plant establishment</subfield>
    </datafield>
    <datafield tag="650" ind1=" " ind2="3">
      <subfield code="a">Frangula alnus</subfield>
    </datafield>
    <datafield tag="650" ind1=" " ind2="3">
      <subfield code="a">wild birds</subfield>
    </datafield>
    <datafield tag="650" ind1=" " ind2="3">
      <subfield code="a">water flow</subfield>
    </datafield>
    <datafield tag="650" ind1=" " ind2="3">
      <subfield code="a">water</subfield>
    </datafield>
    <datafield tag="650" ind1=" " ind2="3">
      <subfield code="a">seedling emergence</subfield>
    </datafield>
    <datafield tag="650" ind1=" " ind2="3">
      <subfield code="a">statistical analysis</subfield>
    </datafield>
    <datafield tag="650" ind1=" " ind2="3">
      <subfield code="a">Mediterranean climate</subfield>
    </datafield>
    <datafield tag="650" ind1=" " ind2="3">
      <subfield code="a">riparian forests</subfield>
    </datafield>
    <datafield tag="651" ind1=" " ind2="3">
      <subfield code="a">Spain</subfield>
    </datafield>
    <datafield tag="653" ind1=" " ind2="0">
      <subfield code="a">frugivorous birds</subfield>
    </datafield>
    <datafield tag="773" ind1="0" ind2=" ">
      <subfield code="t">Journal of ecology.</subfield>
      <subfield code="g">2004 Oct., v. 92, no. 5 p.797-807</subfield>
      <subfield code="x">0022-0477</subfield>
      <subfield code="7">nnas</subfield>
    </datafield>
    <datafield tag="787" ind1="1" ind2=" ">
      <subfield code="o">islandora_article_repository</subfield>
    </datafield>
    <datafield tag="787" ind1="1" ind2=" ">
      <subfield code="o">product_pubag</subfield>
    </datafield>
    <datafield tag="787" ind1="1" ind2=" ">
      <subfield code="o">(Journal)jnl44660</subfield>
    </datafield>
    <datafield tag="852" ind1=" " ind2=" ">
      <subfield code="a">DNAL</subfield>
    </datafield>
    <datafield tag="856" ind1="4" ind2="0">
      <subfield code="u">http://dx.doi.org/10.1111/j.0022-0477.2004.00918.x</subfield>
      <subfield code="3">Available from publisher's Web site</subfield>
    </datafield>
    <datafield tag="912" ind1=" " ind2=" ">
      <subfield code="a">Article</subfield>
    </datafield>
    <datafield tag="914" ind1=" " ind2=" ">
      <subfield code="a">Journal:jnl44660</subfield>
    </datafield>
    <datafield tag="914" ind1=" " ind2=" ">
      <subfield code="f">Journal of ecology</subfield>
    </datafield>
    <datafield tag="917" ind1=" " ind2=" ">
      <subfield code="a">issued</subfield>
    </datafield>
    <datafield tag="930" ind1=" " ind2=" ">
      <subfield code="a">20060913</subfield>
      <subfield code="b">20061003</subfield>
      <subfield code="c">00000000</subfield>
    </datafield>
    <datafield tag="935" ind1=" " ind2=" ">
      <subfield code="a">IND43652524</subfield>
      <subfield code="9">ExL</subfield>
    </datafield>
    <datafield tag="945" ind1=" " ind2=" ">
      <subfield code="a">IND</subfield>
      <subfield code="d">LYN</subfield>
      <subfield code="e">2006/09/13</subfield>
    </datafield>
    <datafield tag="946" ind1=" " ind2=" ">
      <subfield code="a">Non-US</subfield>
    </datafield>
    <datafield tag="952" ind1=" " ind2=" ">
      <subfield code="a">20060913 20061003 00000000</subfield>
      <subfield code="b">IND LYN 2006/09/13</subfield>
    </datafield>
    <datafield tag="974" ind1=" " ind2=" ">
      <subfield code="a">agid:1391693</subfield>
    </datafield>
    <datafield tag="984" ind1=" " ind2=" ">
      <subfield code="a">2014-12-22</subfield>
    </datafield>
    <datafield tag="985" ind1=" " ind2=" ">
      <subfield code="a">Converted from MARCXML to MODS version 3.4 using MARC21slim2MODS3-4.xsl
        (Revision 1.95 2014/04/23)</subfield>
    </datafield>
    <datafield tag="986" ind1=" " ind2=" ">
      <subfield code="a">3652524</subfield>
    </datafield>
  </record>