
  <record>
    <leader>04247nab a2200637 u 4500</leader>
    <controlfield tag="001">9916258084307426</controlfield>
    <controlfield tag="005">20221118023037.0</controlfield>
    <controlfield tag="008">051028e200510 xx |||||o|||||||||||eng||</controlfield>
    <datafield tag="016" ind1="7" ind2=" ">
      <subfield code="a">IND43756013</subfield>
      <subfield code="2">DNAL</subfield>
    </datafield>
    <datafield tag="024" ind1="7" ind2=" ">
      <subfield code="a">10.1111/j.1365-2745.2005.01030.x</subfield>
      <subfield code="2">doi</subfield>
    </datafield>
    <datafield tag="035" ind1=" " ind2=" ">
      <subfield code="a">agid:1391775-01nal_inst</subfield>
    </datafield>
    <datafield tag="040" ind1=" " ind2=" ">
      <subfield code="a">AGL</subfield>
      <subfield code="b">eng</subfield>
      <subfield code="c">AGL</subfield>
    </datafield>
    <datafield tag="072" ind1=" " ind2="0">
      <subfield code="a"> F300 </subfield>
    </datafield>
    <datafield tag="072" ind1=" " ind2="0">
      <subfield code="a"> K001 </subfield>
    </datafield>
    <datafield tag="072" ind1=" " ind2="0">
      <subfield code="a"> J500 </subfield>
    </datafield>
    <datafield tag="072" ind1=" " ind2="0">
      <subfield code="a"> J200 </subfield>
    </datafield>
    <datafield tag="100" ind1="1" ind2=" ">
      <subfield code="a">Russo, S.E.</subfield>
    </datafield>
    <datafield tag="245" ind1="1" ind2="0">
      <subfield code="a">Soil-related performance variation and distributions of tree species in a
        Bornean rain forest</subfield>
    </datafield>
    <datafield tag="300" ind1=" " ind2=" ">
      <subfield code="a">p. 879-889.</subfield>
    </datafield>
    <datafield tag="520" ind1=" " ind2=" ">
      <subfield code="a">1 Spatial distributions of tropical trees often correlate with
        environmental variation, suggesting that ecological sorting caused by niche differentiation
        may be important for maintaining species diversity. 2 Four soil types have been identified
        in a 52-ha forest dynamics plot in Bornean mixed dipterocarp forest (ranked by increasing
        fertility and moisture: sandy loam, loam, fine loam, and clay). The distributions of 73% of
        tree species in the plot are significantly aggregated on one of these soil types. We tested
        the hypothesis that variation in performance (growth and mortality) underlies these
        edaphically biased species distributions. 3 Annual growth and mortality rates over 5 years
        were estimated for trees greater than or equal to 1 cm in diameter and compared among soil
        types, life histories and species-aggregation patterns. 4 Overall, growth and mortality
        rates were lowest on the poorest soil (sandy loam). Growth rates on each soil type
        correlated with soil fertility for pioneers, while mortality rates correlated with soil
        fertility for both pioneers and late-successional species. 5 There was little evidence that
        soil specialists had a home-soil performance advantage. Soil-specific ranks of growth and
        mortality rates of each species-aggregation group largely mirrored the ranks of their rates
        across the plot and did not shift substantially among soil types. On every soil, species
        aggregated on sandy loam or clay ranked last or next-to-last, and species aggregated on loam
        ranked the highest. 6 Ecological sorting of species among soils was strong. With increasing
        diameter, species were lost from the soils on which they were not aggregated more frequently
        than would be expected based on random mortality. The underlying mechanisms of ecological
        sorting may involve low mortality rates as a requirement for species to achieve high
        abundance on the poorest soil, whereas for the richer soils, having high growth rates
        appears relatively more important for achieving high abundance. 7 Thus, species' demographic
        responses to resource variation among soil types, especially related to the poorest soil,
        affects tree species distribution patterns in this forest and thereby influences the
        structure of tropical forest communities.</subfield>
    </datafield>
    <datafield tag="593" ind1=" " ind2=" ">
      <subfield code="a">PubAg article</subfield>
    </datafield>
    <datafield tag="650" ind1=" " ind2="3">
      <subfield code="a">tropical rain forests</subfield>
    </datafield>
    <datafield tag="650" ind1=" " ind2="3">
      <subfield code="a">forest trees</subfield>
    </datafield>
    <datafield tag="650" ind1=" " ind2="3">
      <subfield code="a">forest soils</subfield>
    </datafield>
    <datafield tag="650" ind1=" " ind2="3">
      <subfield code="a">tree growth</subfield>
    </datafield>
    <datafield tag="650" ind1=" " ind2="3">
      <subfield code="a">tree mortality</subfield>
    </datafield>
    <datafield tag="650" ind1=" " ind2="3">
      <subfield code="a">spatial variation</subfield>
    </datafield>
    <datafield tag="650" ind1=" " ind2="3">
      <subfield code="a">spatial distribution</subfield>
    </datafield>
    <datafield tag="650" ind1=" " ind2="3">
      <subfield code="a">soil texture</subfield>
    </datafield>
    <datafield tag="650" ind1=" " ind2="3">
      <subfield code="a">soil water content</subfield>
    </datafield>
    <datafield tag="650" ind1=" " ind2="3">
      <subfield code="a">soil fertility</subfield>
    </datafield>
    <datafield tag="650" ind1=" " ind2="3">
      <subfield code="a">forest ecology</subfield>
    </datafield>
    <datafield tag="650" ind1=" " ind2="3">
      <subfield code="a">niches</subfield>
    </datafield>
    <datafield tag="651" ind1=" " ind2="3">
      <subfield code="a">Borneo</subfield>
    </datafield>
    <datafield tag="700" ind1="1" ind2=" ">
      <subfield code="a">Davies, S.J.</subfield>
    </datafield>
    <datafield tag="700" ind1="1" ind2=" ">
      <subfield code="a">King, D.A.</subfield>
    </datafield>
    <datafield tag="700" ind1="1" ind2=" ">
      <subfield code="a">Tan, S.</subfield>
    </datafield>
    <datafield tag="773" ind1="0" ind2=" ">
      <subfield code="t">Journal of ecology.</subfield>
      <subfield code="g">2005 Oct., v. 93, no. 5 p.879-889</subfield>
      <subfield code="x">0022-0477</subfield>
      <subfield code="7">nnas</subfield>
    </datafield>
    <datafield tag="787" ind1="1" ind2=" ">
      <subfield code="o">islandora_article_repository</subfield>
    </datafield>
    <datafield tag="787" ind1="1" ind2=" ">
      <subfield code="o">product_pubag</subfield>
    </datafield>
    <datafield tag="787" ind1="1" ind2=" ">
      <subfield code="o">(Journal)jnl44660</subfield>
    </datafield>
    <datafield tag="852" ind1=" " ind2=" ">
      <subfield code="a">DNAL</subfield>
    </datafield>
    <datafield tag="856" ind1="4" ind2="0">
      <subfield code="u">http://dx.doi.org/10.1111/j.1365-2745.2005.01030.x</subfield>
      <subfield code="3">Available from publisher's Web site</subfield>
    </datafield>
    <datafield tag="912" ind1=" " ind2=" ">
      <subfield code="a">Article</subfield>
    </datafield>
    <datafield tag="914" ind1=" " ind2=" ">
      <subfield code="a">Journal:jnl44660</subfield>
    </datafield>
    <datafield tag="914" ind1=" " ind2=" ">
      <subfield code="f">Journal of ecology</subfield>
    </datafield>
    <datafield tag="917" ind1=" " ind2=" ">
      <subfield code="a">issued</subfield>
    </datafield>
    <datafield tag="930" ind1=" " ind2=" ">
      <subfield code="a">20080417</subfield>
      <subfield code="b">20080502</subfield>
      <subfield code="c">00000000</subfield>
    </datafield>
    <datafield tag="935" ind1=" " ind2=" ">
      <subfield code="a">IND43756013</subfield>
      <subfield code="9">ExL</subfield>
    </datafield>
    <datafield tag="945" ind1=" " ind2=" ">
      <subfield code="a">IND</subfield>
      <subfield code="d">2CT</subfield>
      <subfield code="e">2005/11/16</subfield>
    </datafield>
    <datafield tag="946" ind1=" " ind2=" ">
      <subfield code="a">Non-US</subfield>
    </datafield>
    <datafield tag="952" ind1=" " ind2=" ">
      <subfield code="a">20080417 20080502 00000000</subfield>
      <subfield code="b">IND 2CT 2005/11/16</subfield>
    </datafield>
    <datafield tag="974" ind1=" " ind2=" ">
      <subfield code="a">agid:1391775</subfield>
    </datafield>
    <datafield tag="984" ind1=" " ind2=" ">
      <subfield code="a">2014-12-22</subfield>
    </datafield>
    <datafield tag="985" ind1=" " ind2=" ">
      <subfield code="a">Converted from MARCXML to MODS version 3.4 using MARC21slim2MODS3-4.xsl
        (Revision 1.95 2014/04/23)</subfield>
    </datafield>
    <datafield tag="986" ind1=" " ind2=" ">
      <subfield code="a">3756013</subfield>
    </datafield>
  </record>