
  <record>
    <leader>04471nab a2200733 u 4500</leader>
    <controlfield tag="001">9916258085907426</controlfield>
    <controlfield tag="005">20221118023047.0</controlfield>
    <controlfield tag="008">050622e200506 xx |||||o|||||||||||eng||</controlfield>
    <datafield tag="016" ind1="7" ind2=" ">
      <subfield code="a">IND43716519</subfield>
      <subfield code="2">DNAL</subfield>
    </datafield>
    <datafield tag="024" ind1="7" ind2=" ">
      <subfield code="a">10.1111/j.1365-2745.2005.00996.x</subfield>
      <subfield code="2">doi</subfield>
    </datafield>
    <datafield tag="035" ind1=" " ind2=" ">
      <subfield code="a">agid:1391770-01nal_inst</subfield>
    </datafield>
    <datafield tag="040" ind1=" " ind2=" ">
      <subfield code="a">AGL</subfield>
      <subfield code="b">eng</subfield>
      <subfield code="c">AGL</subfield>
    </datafield>
    <datafield tag="072" ind1=" " ind2="0">
      <subfield code="a"> F300 </subfield>
    </datafield>
    <datafield tag="072" ind1=" " ind2="0">
      <subfield code="a"> K001 </subfield>
    </datafield>
    <datafield tag="072" ind1=" " ind2="0">
      <subfield code="a"> K110 </subfield>
    </datafield>
    <datafield tag="072" ind1=" " ind2="0">
      <subfield code="a"> K810 </subfield>
    </datafield>
    <datafield tag="100" ind1="1" ind2=" ">
      <subfield code="a">Landis, R.M.</subfield>
    </datafield>
    <datafield tag="245" ind1="1" ind2="0">
      <subfield code="a">Variation in recruitment and early demography in Pinus rigida following
        crown fire in the pine barrens of Long Island, New York</subfield>
    </datafield>
    <datafield tag="300" ind1=" " ind2=" ">
      <subfield code="a">p. 607-617.</subfield>
    </datafield>
    <datafield tag="500" ind1=" " ind2=" ">
      <subfield code="a">2019-12-04</subfield>
    </datafield>
    <datafield tag="520" ind1=" " ind2=" ">
      <subfield code="a">1 Following severe, stand-replacing fires in 1995, we quantified emergence,
        growth and survival in Pinus rigida seedlings in eight stands in three areas of the pine
        barrens of Long Island, New York, USA, and examined factors contributing to spatial and
        temporal variation in recruitment. 2 We followed 6431 marked seedlings in the first cohort
        following fire, as well as additional cohorts in subsequent years, for 7 years to assess the
        effects of fire intensity, soil characteristics, intraspecific density, interspecific
        competition and facilitation on variation in early demography at three different scales. We
        found substantial variation in many of the demographic parameters measured between plots
        within stands (10-50 m apart), among stands within areas (600-1500 m apart), and among
        forest areas (5-30 km apart), as well as among years. 3 Almost all adult P. rigida in most
        of the stands studied were killed by the 1995 fires and population recovery therefore
        depended upon recruitment from seed. Initial recruitment appears to be largely determined by
        seed limitation, which was affected by fire intensity combined with serotiny and other
        factors. 4 Subsequent seedling survival and growth were determined largely by inherent
        differences among areas and sites in factors including cover of the shrub Quercus ilicifolia
        and soil texture and composition. 5 Initial seedling density, and subsequent survival and
        growth, varied among plots within sites, among sites within areas, and among areas. Early
        survival was negatively correlated with intraspecific seedling density, but was enhanced by
        neighbouring Q. ilicifolia, although these shrubs inhibited later seedling growth. Early
        demographic variation may determine many of the differences observed among mature
        populations in this landscape. 6 Variation in demographic parameters across space and time,
        and over a hierarchy of scales, may have critical consequences at the population, community
        and landscape levels. A comprehensive evaluation of the nature and extent of such
        demographic variation across different systems would have major implications for
        understanding vegetation patterns at the population, community and landscape
        levels.</subfield>
    </datafield>
    <datafield tag="593" ind1=" " ind2=" ">
      <subfield code="a">PubAg article</subfield>
    </datafield>
    <datafield tag="650" ind1=" " ind2="3">
      <subfield code="a">tree growth</subfield>
    </datafield>
    <datafield tag="650" ind1=" " ind2="3">
      <subfield code="a">temporal variation</subfield>
    </datafield>
    <datafield tag="650" ind1=" " ind2="3">
      <subfield code="a">Pinus rigida</subfield>
    </datafield>
    <datafield tag="650" ind1=" " ind2="3">
      <subfield code="a">seedling growth</subfield>
    </datafield>
    <datafield tag="650" ind1=" " ind2="3">
      <subfield code="a">forest trees</subfield>
    </datafield>
    <datafield tag="650" ind1=" " ind2="3">
      <subfield code="a">seeds</subfield>
    </datafield>
    <datafield tag="650" ind1=" " ind2="3">
      <subfield code="a">tree crown</subfield>
    </datafield>
    <datafield tag="650" ind1=" " ind2="3">
      <subfield code="a">seedlings</subfield>
    </datafield>
    <datafield tag="650" ind1=" " ind2="3">
      <subfield code="a">pine barrens</subfield>
    </datafield>
    <datafield tag="650" ind1=" " ind2="3">
      <subfield code="a">plant density</subfield>
    </datafield>
    <datafield tag="650" ind1=" " ind2="3">
      <subfield code="a">seedling emergence</subfield>
    </datafield>
    <datafield tag="650" ind1=" " ind2="3">
      <subfield code="a">spatial variation</subfield>
    </datafield>
    <datafield tag="650" ind1=" " ind2="3">
      <subfield code="a">plant competition</subfield>
    </datafield>
    <datafield tag="650" ind1=" " ind2="3">
      <subfield code="a">forest fires</subfield>
    </datafield>
    <datafield tag="650" ind1=" " ind2="3">
      <subfield code="a">tree mortality</subfield>
    </datafield>
    <datafield tag="650" ind1=" " ind2="3">
      <subfield code="a">forest stand establishment</subfield>
    </datafield>
    <datafield tag="651" ind1=" " ind2="3">
      <subfield code="a">New York</subfield>
    </datafield>
    <datafield tag="653" ind1=" " ind2="0">
      <subfield code="a">seedling recruitment</subfield>
    </datafield>
    <datafield tag="653" ind1=" " ind2="0">
      <subfield code="a">forest ecology</subfield>
    </datafield>
    <datafield tag="700" ind1="1" ind2=" ">
      <subfield code="a">Gurevitch, J.</subfield>
    </datafield>
    <datafield tag="700" ind1="1" ind2=" ">
      <subfield code="a">Fox, G.A.</subfield>
    </datafield>
    <datafield tag="700" ind1="1" ind2=" ">
      <subfield code="a">Fang, W.</subfield>
    </datafield>
    <datafield tag="700" ind1="1" ind2=" ">
      <subfield code="a">Taub, D.R.</subfield>
    </datafield>
    <datafield tag="773" ind1="0" ind2=" ">
      <subfield code="t">Journal of ecology.</subfield>
      <subfield code="g">2005 June, v. 93, no. 3 p.607-617</subfield>
      <subfield code="x">0022-0477</subfield>
      <subfield code="7">nnas</subfield>
    </datafield>
    <datafield tag="787" ind1="1" ind2=" ">
      <subfield code="o">islandora_article_repository</subfield>
    </datafield>
    <datafield tag="787" ind1="1" ind2=" ">
      <subfield code="o">product_pubag</subfield>
    </datafield>
    <datafield tag="787" ind1="1" ind2=" ">
      <subfield code="o">(Journal)jnl44660</subfield>
    </datafield>
    <datafield tag="852" ind1=" " ind2=" ">
      <subfield code="a">DNAL</subfield>
    </datafield>
    <datafield tag="856" ind1="4" ind2="0">
      <subfield code="u">http://dx.doi.org/10.1111/j.1365-2745.2005.00996.x</subfield>
      <subfield code="3">Available from publisher's Web site</subfield>
    </datafield>
    <datafield tag="912" ind1=" " ind2=" ">
      <subfield code="a">Article</subfield>
    </datafield>
    <datafield tag="914" ind1=" " ind2=" ">
      <subfield code="a">Journal:jnl44660</subfield>
    </datafield>
    <datafield tag="914" ind1=" " ind2=" ">
      <subfield code="f">Journal of ecology</subfield>
    </datafield>
    <datafield tag="917" ind1=" " ind2=" ">
      <subfield code="a">issued</subfield>
    </datafield>
    <datafield tag="930" ind1=" " ind2=" ">
      <subfield code="a">20080312</subfield>
      <subfield code="b">20080404</subfield>
      <subfield code="c">00000000</subfield>
    </datafield>
    <datafield tag="935" ind1=" " ind2=" ">
      <subfield code="a">IND43716519</subfield>
      <subfield code="9">ExL</subfield>
    </datafield>
    <datafield tag="945" ind1=" " ind2=" ">
      <subfield code="a">IND</subfield>
      <subfield code="d">2CT</subfield>
      <subfield code="e">2006/01/07</subfield>
    </datafield>
    <datafield tag="946" ind1=" " ind2=" ">
      <subfield code="a">Non-US</subfield>
    </datafield>
    <datafield tag="952" ind1=" " ind2=" ">
      <subfield code="a">20080312 20080404 00000000</subfield>
      <subfield code="b">IND 2CT 2006/01/07</subfield>
    </datafield>
    <datafield tag="974" ind1=" " ind2=" ">
      <subfield code="a">agid:1391770</subfield>
    </datafield>
    <datafield tag="984" ind1=" " ind2=" ">
      <subfield code="a">2014-12-22</subfield>
    </datafield>
    <datafield tag="985" ind1=" " ind2=" ">
      <subfield code="a">Converted from MARCXML to MODS version 3.4 using MARC21slim2MODS3-4.xsl
        (Revision 1.95 2014/04/23)</subfield>
    </datafield>
    <datafield tag="986" ind1=" " ind2=" ">
      <subfield code="a">3716519</subfield>
    </datafield>
  </record>