
  <record>
    <leader>04847nab a2200625 u 4500</leader>
    <controlfield tag="001">9916258092007426</controlfield>
    <controlfield tag="005">20221118023156.0</controlfield>
    <controlfield tag="008">041028e200410 xx |||||o|||||||||||eng||</controlfield>
    <datafield tag="016" ind1="7" ind2=" ">
      <subfield code="a">IND43652530</subfield>
      <subfield code="2">DNAL</subfield>
    </datafield>
    <datafield tag="024" ind1="7" ind2=" ">
      <subfield code="a">10.1111/j.0022-0477.2004.00913.x</subfield>
      <subfield code="2">doi</subfield>
    </datafield>
    <datafield tag="035" ind1=" " ind2=" ">
      <subfield code="a">agid:1391702-01nal_inst</subfield>
    </datafield>
    <datafield tag="040" ind1=" " ind2=" ">
      <subfield code="a">AGL</subfield>
      <subfield code="b">eng</subfield>
      <subfield code="c">AGL</subfield>
    </datafield>
    <datafield tag="072" ind1=" " ind2="0">
      <subfield code="a"> F300 </subfield>
    </datafield>
    <datafield tag="072" ind1=" " ind2="0">
      <subfield code="a"> B200 </subfield>
    </datafield>
    <datafield tag="072" ind1=" " ind2="0">
      <subfield code="a"> K001 </subfield>
    </datafield>
    <datafield tag="072" ind1=" " ind2="0">
      <subfield code="a"> K250 </subfield>
    </datafield>
    <datafield tag="072" ind1=" " ind2="0">
      <subfield code="a"> F600 </subfield>
    </datafield>
    <datafield tag="100" ind1="1" ind2=" ">
      <subfield code="a">Gamache, I.</subfield>
    </datafield>
    <datafield tag="245" ind1="1" ind2="0">
      <subfield code="a">Height growth response of tree line black spruce to recent climate warming
        across the forest-tundra of eastern Canada</subfield>
    </datafield>
    <datafield tag="300" ind1=" " ind2=" ">
      <subfield code="a">p. 835-845.</subfield>
    </datafield>
    <datafield tag="520" ind1=" " ind2=" ">
      <subfield code="a">1. The northward expansion of the boreal forest vegetation zone is
        generally predicted under a warmer doubled CO2, but the delay associated with vegetation
        development processes often has been overlooked. In the subarctic forest-tundra of northern
        Quebec, reforestation of tundra uplands appears currently limited by the poor reproductive
        capacity of shrubby black spruce (Picea mariana), and the development of erect stems through
        accelerated height growth should be the first registered response to 20th century climate
        warming. The subarctic forest-tundra is characterized by small- and large-scale
        heterogeneity in topography, vegetation structure and climate. This spatial heterogeneity,
        added to the complexity of tree growth-climate relationships, can cause various growth
        responses of subarctic tree line black spruce to 20th century climate change. 2. Twenty
        spruce populations at subarctic tree lines and seven isolated clones at the species limit
        were sampled along a &gt; 300-km latitudinal transect from the southern forest-tundra to the
        shrub tundra. Height growth patterns of black spruce at tree line and above tree line were
        examined (i) over their life span, using dendrochronological dating of stem cross-sections,
        and (ii) for the recent decades, using leader shoot elongation measurements. Indexed
        elongation chronologies were compared with regional climate data. 3. Height growth of tree
        line trees generally decreased with increasing latitude. However, tree line trees in the
        northern forest-tundra have experienced an acceleration of height growth since the 1970s,
        with their growth comparable to that of trees in the southern forest-tundra. Height growth
        response of spruce trees appeared increasingly delayed from the northern forest-tundra to
        the species limit. Above the subarctic tree line, wind-exposed conditions obscured the
        decrease in height growth with latitude observed for tree line trees. 4. Leader shoot
        elongation of spruce trees established on tundra hilltops appeared more controlled by summer
        heat sums than those at tree line all over the forest-tundra, except at the arctic tree
        line. Winter precipitation also was linked to leader shoot elongation in some forest-tundra
        sites. The increasing snow cover associated with recent warming appeared to have reduced the
        shoot elongation of spruce at forest margins showing the steepest slopes, hence subjected to
        snow overloading. 5. In the northern forest-tundra sites, the recent increase in height
        growth and positive trend in leader shoot elongation, consistent with a 1990s' increase in
        heat sums, point to the development of spruce krummholz into erect growth forms. In the
        southern forest-tundra, reforestation of tundra hilltops and northward expansion of the
        boreal forest predicted under doubled CO2 conditions could be delayed, as suggested by
        suppressed height growth of spruce above tree line.</subfield>
    </datafield>
    <datafield tag="593" ind1=" " ind2=" ">
      <subfield code="a">PubAg article</subfield>
    </datafield>
    <datafield tag="650" ind1=" " ind2="3">
      <subfield code="a">Picea mariana</subfield>
    </datafield>
    <datafield tag="650" ind1=" " ind2="3">
      <subfield code="a">forest trees</subfield>
    </datafield>
    <datafield tag="650" ind1=" " ind2="3">
      <subfield code="a">boreal forests</subfield>
    </datafield>
    <datafield tag="650" ind1=" " ind2="3">
      <subfield code="a">climate change</subfield>
    </datafield>
    <datafield tag="650" ind1=" " ind2="3">
      <subfield code="a">dendrochronology</subfield>
    </datafield>
    <datafield tag="650" ind1=" " ind2="3">
      <subfield code="a">tree growth</subfield>
    </datafield>
    <datafield tag="650" ind1=" " ind2="3">
      <subfield code="a">height</subfield>
    </datafield>
    <datafield tag="650" ind1=" " ind2="3">
      <subfield code="a">tundra</subfield>
    </datafield>
    <datafield tag="650" ind1=" " ind2="3">
      <subfield code="a">latitude</subfield>
    </datafield>
    <datafield tag="650" ind1=" " ind2="3">
      <subfield code="a">wind</subfield>
    </datafield>
    <datafield tag="650" ind1=" " ind2="3">
      <subfield code="a">treeline</subfield>
    </datafield>
    <datafield tag="650" ind1=" " ind2="3">
      <subfield code="a">tree age</subfield>
    </datafield>
    <datafield tag="651" ind1=" " ind2="3">
      <subfield code="a">Quebec</subfield>
    </datafield>
    <datafield tag="700" ind1="1" ind2=" ">
      <subfield code="a">Payette, S.</subfield>
    </datafield>
    <datafield tag="773" ind1="0" ind2=" ">
      <subfield code="t">Journal of ecology.</subfield>
      <subfield code="g">2004 Oct., v. 92, no. 5 p.835-845</subfield>
      <subfield code="x">0022-0477</subfield>
      <subfield code="7">nnas</subfield>
    </datafield>
    <datafield tag="787" ind1="1" ind2=" ">
      <subfield code="o">islandora_article_repository</subfield>
    </datafield>
    <datafield tag="787" ind1="1" ind2=" ">
      <subfield code="o">product_pubag</subfield>
    </datafield>
    <datafield tag="787" ind1="1" ind2=" ">
      <subfield code="o">(Journal)jnl44660</subfield>
    </datafield>
    <datafield tag="852" ind1=" " ind2=" ">
      <subfield code="a">DNAL</subfield>
    </datafield>
    <datafield tag="856" ind1="4" ind2="0">
      <subfield code="u">http://dx.doi.org/10.1111/j.0022-0477.2004.00913.x</subfield>
      <subfield code="3">Available from publisher's Web site</subfield>
    </datafield>
    <datafield tag="912" ind1=" " ind2=" ">
      <subfield code="a">Article</subfield>
    </datafield>
    <datafield tag="914" ind1=" " ind2=" ">
      <subfield code="a">Journal:jnl44660</subfield>
    </datafield>
    <datafield tag="914" ind1=" " ind2=" ">
      <subfield code="f">Journal of ecology</subfield>
    </datafield>
    <datafield tag="917" ind1=" " ind2=" ">
      <subfield code="a">issued</subfield>
    </datafield>
    <datafield tag="930" ind1=" " ind2=" ">
      <subfield code="a">20060913</subfield>
      <subfield code="b">20061003</subfield>
      <subfield code="c">00000000</subfield>
    </datafield>
    <datafield tag="935" ind1=" " ind2=" ">
      <subfield code="a">IND43652530</subfield>
      <subfield code="9">ExL</subfield>
    </datafield>
    <datafield tag="945" ind1=" " ind2=" ">
      <subfield code="a">IND</subfield>
      <subfield code="d">LYN</subfield>
      <subfield code="e">2006/09/13</subfield>
    </datafield>
    <datafield tag="946" ind1=" " ind2=" ">
      <subfield code="a">Non-US</subfield>
    </datafield>
    <datafield tag="952" ind1=" " ind2=" ">
      <subfield code="a">20060913 20061003 00000000</subfield>
      <subfield code="b">IND LYN 2006/09/13</subfield>
    </datafield>
    <datafield tag="974" ind1=" " ind2=" ">
      <subfield code="a">agid:1391702</subfield>
    </datafield>
    <datafield tag="984" ind1=" " ind2=" ">
      <subfield code="a">2014-12-22</subfield>
    </datafield>
    <datafield tag="985" ind1=" " ind2=" ">
      <subfield code="a">Converted from MARCXML to MODS version 3.4 using MARC21slim2MODS3-4.xsl
        (Revision 1.95 2014/04/23)</subfield>
    </datafield>
    <datafield tag="986" ind1=" " ind2=" ">
      <subfield code="a">3652530</subfield>
    </datafield>
  </record>