
  <record>
    <leader>04047nab a2200565 u 4500</leader>
    <controlfield tag="001">9916258133507426</controlfield>
    <controlfield tag="005">20221118023334.0</controlfield>
    <controlfield tag="008">040920e200404 xx |||||o|||||||||||eng||</controlfield>
    <datafield tag="016" ind1="7" ind2=" ">
      <subfield code="a">IND43645753</subfield>
      <subfield code="2">DNAL</subfield>
    </datafield>
    <datafield tag="024" ind1="7" ind2=" ">
      <subfield code="a">10.1111/j.0022-0477.2004.00870.x</subfield>
      <subfield code="2">doi</subfield>
    </datafield>
    <datafield tag="035" ind1=" " ind2=" ">
      <subfield code="a">agid:1391638-01nal_inst</subfield>
    </datafield>
    <datafield tag="040" ind1=" " ind2=" ">
      <subfield code="a">AGL</subfield>
      <subfield code="b">eng</subfield>
      <subfield code="c">AGL</subfield>
    </datafield>
    <datafield tag="072" ind1=" " ind2="0">
      <subfield code="a"> F600 </subfield>
    </datafield>
    <datafield tag="072" ind1=" " ind2="0">
      <subfield code="a"> K001 </subfield>
    </datafield>
    <datafield tag="072" ind1=" " ind2="0">
      <subfield code="a"> F300 </subfield>
    </datafield>
    <datafield tag="100" ind1="1" ind2=" ">
      <subfield code="a">Castro, J.</subfield>
    </datafield>
    <datafield tag="245" ind1="1" ind2="0">
      <subfield code="a">Seedling establishment of a boreal tree species (Pinus sylvestris) at its
        southernmost distribution limit: consequences of being in a marginal Mediterranean
        habitat</subfield>
    </datafield>
    <datafield tag="300" ind1=" " ind2=" ">
      <subfield code="a">p. 266-277.</subfield>
    </datafield>
    <datafield tag="520" ind1=" " ind2=" ">
      <subfield code="a">1. We analyse the factors controlling seedling establishment of Scots pine
        at its southernmost geographical limit (southern Spain), by monitoring emergence, survival
        and growth for up to 4 years in the microhabitats to which seeds are dispersed. Naturally
        established seedlings were monitored in two mountain ranges, and experimental sowings were
        performed both in woodlands and in adjacent successional shrublands into which the forest
        could expand. 2. Emergence was high in all microhabitats, although it was highest under the
        canopy of shrubs. Overall survival was low, with c. 90% of seedlings dying in the first
        growing season (c. 98% after several growing seasons). Survival differed among
        microhabitats, being highest under shrubs and extremely low (or zero) under pines or in bare
        soil. 3. Seedling growth was the highest in areas of bare soil, intermediate under shrubs,
        and very low under pines. 4. Establishment under pines was prevented by both mortality and
        poor performance, and good performance cannot counteract high mortality in the open. Shrubs,
        however, acted as nurse plants, buffering summer drought without reducing radiation to
        levels critical for growth, and protecting seedlings from ungulate trampling, hail and frost
        heave. 5. Patterns of recruitment were similar for woodland stands and successional
        shrublands. In addition, patterns of survival for naturally established seedlings were
        similar to those of seedlings originating from experimental sowings. 6. Juveniles were
        positively associated with shrubs but negatively with bare soil or areas below pine
        canopies. The facilitative effect of shrubs on seedling survival therefore changes the
        spatial pattern of recruitment from that determined by germination. 7. Overall, processes
        controlling seedling establishment in these southern Scots pine forests differ sharply from
        those operating in its main distribution area. The comparison among contrasting geographical
        ranges may contribute to an understanding of the role of environmental conditions in the
        balance between competition and facilitation, and assist in forecasting plant regeneration
        responses to global climate change.</subfield>
    </datafield>
    <datafield tag="593" ind1=" " ind2=" ">
      <subfield code="a">PubAg article</subfield>
    </datafield>
    <datafield tag="650" ind1=" " ind2="3">
      <subfield code="a">Pinus sylvestris</subfield>
    </datafield>
    <datafield tag="650" ind1=" " ind2="3">
      <subfield code="a">forest trees</subfield>
    </datafield>
    <datafield tag="650" ind1=" " ind2="3">
      <subfield code="a">boreal forests</subfield>
    </datafield>
    <datafield tag="650" ind1=" " ind2="3">
      <subfield code="a">Mediterranean climate</subfield>
    </datafield>
    <datafield tag="650" ind1=" " ind2="3">
      <subfield code="a">plant establishment</subfield>
    </datafield>
    <datafield tag="650" ind1=" " ind2="3">
      <subfield code="a">seedling emergence</subfield>
    </datafield>
    <datafield tag="650" ind1=" " ind2="3">
      <subfield code="a">spatial distribution</subfield>
    </datafield>
    <datafield tag="651" ind1=" " ind2="3">
      <subfield code="a">Spain</subfield>
    </datafield>
    <datafield tag="700" ind1="1" ind2=" ">
      <subfield code="a">Zamora, R.</subfield>
    </datafield>
    <datafield tag="700" ind1="1" ind2=" ">
      <subfield code="a">Hodar, J.A.</subfield>
    </datafield>
    <datafield tag="700" ind1="1" ind2=" ">
      <subfield code="a">Gomez, J.M.</subfield>
    </datafield>
    <datafield tag="773" ind1="0" ind2=" ">
      <subfield code="t">Journal of ecology.</subfield>
      <subfield code="g">2004 Apr., v. 92, no. 2 p.266-277</subfield>
      <subfield code="x">0022-0477</subfield>
      <subfield code="7">nnas</subfield>
    </datafield>
    <datafield tag="787" ind1="1" ind2=" ">
      <subfield code="o">islandora_article_repository</subfield>
    </datafield>
    <datafield tag="787" ind1="1" ind2=" ">
      <subfield code="o">product_pubag</subfield>
    </datafield>
    <datafield tag="787" ind1="1" ind2=" ">
      <subfield code="o">(Journal)jnl44660</subfield>
    </datafield>
    <datafield tag="852" ind1=" " ind2=" ">
      <subfield code="a">DNAL</subfield>
    </datafield>
    <datafield tag="856" ind1="4" ind2="0">
      <subfield code="u">http://dx.doi.org/10.1111/j.0022-0477.2004.00870.x</subfield>
      <subfield code="3">Available from publisher's Web site</subfield>
    </datafield>
    <datafield tag="912" ind1=" " ind2=" ">
      <subfield code="a">Article</subfield>
    </datafield>
    <datafield tag="914" ind1=" " ind2=" ">
      <subfield code="a">Journal:jnl44660</subfield>
    </datafield>
    <datafield tag="914" ind1=" " ind2=" ">
      <subfield code="f">Journal of ecology</subfield>
    </datafield>
    <datafield tag="917" ind1=" " ind2=" ">
      <subfield code="a">issued</subfield>
    </datafield>
    <datafield tag="930" ind1=" " ind2=" ">
      <subfield code="a">20050804</subfield>
      <subfield code="b">00000000</subfield>
      <subfield code="c">00000000</subfield>
    </datafield>
    <datafield tag="935" ind1=" " ind2=" ">
      <subfield code="a">IND43645753</subfield>
      <subfield code="9">ExL</subfield>
    </datafield>
    <datafield tag="945" ind1=" " ind2=" ">
      <subfield code="a">IND</subfield>
      <subfield code="d">GAY</subfield>
      <subfield code="e">2005/06/21</subfield>
    </datafield>
    <datafield tag="946" ind1=" " ind2=" ">
      <subfield code="a">Non-US</subfield>
    </datafield>
    <datafield tag="952" ind1=" " ind2=" ">
      <subfield code="a">20050804 00000000 00000000</subfield>
      <subfield code="b">IND GAY 2005/06/21</subfield>
    </datafield>
    <datafield tag="974" ind1=" " ind2=" ">
      <subfield code="a">agid:1391638</subfield>
    </datafield>
    <datafield tag="984" ind1=" " ind2=" ">
      <subfield code="a">2014-12-22</subfield>
    </datafield>
    <datafield tag="985" ind1=" " ind2=" ">
      <subfield code="a">Converted from MARCXML to MODS version 3.4 using MARC21slim2MODS3-4.xsl
        (Revision 1.95 2014/04/23)</subfield>
    </datafield>
    <datafield tag="986" ind1=" " ind2=" ">
      <subfield code="a">3645753</subfield>
    </datafield>
  </record>