
  <record>
    <leader>03885nab a2200673 u 4500</leader>
    <controlfield tag="001">9916258185307426</controlfield>
    <controlfield tag="005">20221118023151.0</controlfield>
    <controlfield tag="008">151127e200302 xx |||||o|||||||||||eng||</controlfield>
    <datafield tag="016" ind1="7" ind2=" ">
      <subfield code="a">IND500651287</subfield>
      <subfield code="2">DNAL</subfield>
    </datafield>
    <datafield tag="024" ind1="7" ind2=" ">
      <subfield code="a">10.1111/j.1654-1103.2003.tb02130.x</subfield>
      <subfield code="2">doi</subfield>
    </datafield>
    <datafield tag="035" ind1=" " ind2=" ">
      <subfield code="a">agid:129991-01nal_inst</subfield>
    </datafield>
    <datafield tag="040" ind1=" " ind2=" ">
      <subfield code="a">AGL</subfield>
      <subfield code="b">eng</subfield>
      <subfield code="c">AGL</subfield>
    </datafield>
    <datafield tag="100" ind1="1" ind2=" ">
      <subfield code="a">Barot, Séébastien</subfield>
      <subfield code="e">author</subfield>
      <subfield code="u">Present address: LEST, IRD, 32 Avenue de Varagnat, 93143 Bondy Cedex,
        France</subfield>
    </datafield>
    <datafield tag="245" ind1="1" ind2="0">
      <subfield code="a">Neighbourhood analysis in the savanna palm Borassus aethiopum: interplay of
        intraspecific competition and soil patchiness</subfield>
    </datafield>
    <datafield tag="300" ind1=" " ind2=" ">
      <subfield code="a">p. 79-88.</subfield>
    </datafield>
    <datafield tag="520" ind1=" " ind2=" ">
      <subfield code="a">A previous study of the spatial patterns of Borassus aethiopum (a humid
        savanna palm tree) led to the following predictions: H1. Trees and termite mounds positively
        influence all developmental stages; H2. There is intense competition between B. aethiopum
        juveniles; H3. Juvenile and seedling survival and growth rates are higher away from mother
        plants; H4. Mound positive effect overwhelms the effect of intra-specific competition for
        very young B. aethiopum individuals, the reverse applies to older, non-reproductive
        individuals. To test for these hypotheses the potential positive and negative neighbourhood
        effects were analysed. Progression of seedlings into the juvenile stage and juvenile growth
        were analysed through logistic regression models including the effects of four neighbourhood
        indices designed to model the respective influence of B. aethiopum juveniles and adults,
        trees and termite mounds. Statistical results explain the observed spatial pattern and
        reveal two main neighbourhood effects that influence both B. aethiopum juveniles and
        seedlings: a positive effect of mounds due to the fact that they constitute nutrient-rich
        soil patches, and a negative effect of juveniles due to intraspecific competition. Seedlings
        would be mostly affected by the mound positive effect, whereas juveniles would be mostly
        affected by competition.Abbreviations: EL-seedling == Entire-leafed seedling; H == Height.
        LN == Leaf number, LNI == leaf number increment, PFI == Practical fit index; SL-seedling ==
        Slit-leafed seedling</subfield>
    </datafield>
    <datafield tag="592" ind1=" " ind2=" ">
      <subfield code="a">Publisher supplied data</subfield>
    </datafield>
    <datafield tag="593" ind1=" " ind2=" ">
      <subfield code="a">PubAg article</subfield>
    </datafield>
    <datafield tag="650" ind1=" " ind2="3">
      <subfield code="a">Borassus</subfield>
    </datafield>
    <datafield tag="650" ind1=" " ind2="3">
      <subfield code="a">Euterpe oleracea</subfield>
    </datafield>
    <datafield tag="650" ind1=" " ind2="3">
      <subfield code="a">adults</subfield>
    </datafield>
    <datafield tag="650" ind1=" " ind2="3">
      <subfield code="a">intraspecific competition</subfield>
    </datafield>
    <datafield tag="650" ind1=" " ind2="3">
      <subfield code="a">juveniles</subfield>
    </datafield>
    <datafield tag="650" ind1=" " ind2="3">
      <subfield code="a">prediction</subfield>
    </datafield>
    <datafield tag="650" ind1=" " ind2="3">
      <subfield code="a">regression analysis</subfield>
    </datafield>
    <datafield tag="650" ind1=" " ind2="3">
      <subfield code="a">savannas</subfield>
    </datafield>
    <datafield tag="650" ind1=" " ind2="3">
      <subfield code="a">seedlings</subfield>
    </datafield>
    <datafield tag="650" ind1=" " ind2="3">
      <subfield code="a">soil</subfield>
    </datafield>
    <datafield tag="650" ind1=" " ind2="3">
      <subfield code="a">termite mounds</subfield>
    </datafield>
    <datafield tag="650" ind1=" " ind2="3">
      <subfield code="a">trees</subfield>
    </datafield>
    <datafield tag="653" ind1=" " ind2="0">
      <subfield code="a">Facilitation</subfield>
    </datafield>
    <datafield tag="653" ind1=" " ind2="0">
      <subfield code="a">Leaf number increment</subfield>
    </datafield>
    <datafield tag="653" ind1=" " ind2="0">
      <subfield code="a">Neighbourhood effect</subfield>
    </datafield>
    <datafield tag="653" ind1=" " ind2="0">
      <subfield code="a">Progression</subfield>
    </datafield>
    <datafield tag="653" ind1=" " ind2="0">
      <subfield code="a">Seedling</subfield>
    </datafield>
    <datafield tag="653" ind1=" " ind2="0">
      <subfield code="a">Spatial pattern</subfield>
    </datafield>
    <datafield tag="653" ind1=" " ind2="0">
      <subfield code="a">Soil heterogeneity</subfield>
    </datafield>
    <datafield tag="653" ind1=" " ind2="0">
      <subfield code="a">West Africa</subfield>
    </datafield>
    <datafield tag="700" ind1="1" ind2=" ">
      <subfield code="a">Gignoux, Jacques</subfield>
      <subfield code="e">author</subfield>
      <subfield code="u">Fonctionnement et Evolution des Systèèmes Ecologiques, ENS, 46 rue d'Ulm,
        75230 PARIS Cedex 05, France</subfield>
    </datafield>
    <datafield tag="773" ind1="0" ind2=" ">
      <subfield code="t">Journal of vegetation science.</subfield>
      <subfield code="g">2003 Feb., v. 14, no. 1 p.79-88</subfield>
      <subfield code="d">Opulus Press</subfield>
      <subfield code="w">Journal:jnl46820</subfield>
      <subfield code="x">1100-9233</subfield>
      <subfield code="7">nnas</subfield>
    </datafield>
    <datafield tag="787" ind1="1" ind2=" ">
      <subfield code="o">islandora_article_repository</subfield>
    </datafield>
    <datafield tag="787" ind1="1" ind2=" ">
      <subfield code="o">product_pubag</subfield>
    </datafield>
    <datafield tag="787" ind1="1" ind2=" ">
      <subfield code="o">(Journal)jnl46820</subfield>
    </datafield>
    <datafield tag="856" ind1="4" ind2="0">
      <subfield code="u"
        >https://doi.org/10.1111/j.1654-1103.2003.tb02130.x</subfield>
      <subfield code="3">Available from publisher's site</subfield>
    </datafield>
    <datafield tag="912" ind1=" " ind2=" ">
      <subfield code="a">Article</subfield>
    </datafield>
    <datafield tag="914" ind1=" " ind2=" ">
      <subfield code="a">Journal:jnl46820</subfield>
      <subfield code="b">1100-9233</subfield>
      <subfield code="c">14</subfield>
      <subfield code="d">1</subfield>
      <subfield code="e">79</subfield>
    </datafield>
    <datafield tag="914" ind1=" " ind2=" ">
      <subfield code="f">Journal of vegetation science</subfield>
    </datafield>
    <datafield tag="916" ind1=" " ind2=" ">
      <subfield code="a">Batch:663</subfield>
    </datafield>
    <datafield tag="917" ind1=" " ind2=" ">
      <subfield code="a">issued</subfield>
    </datafield>
    <datafield tag="918" ind1="2" ind2=" ">
      <subfield code="a">BioOne</subfield>
      <subfield code="e">provider</subfield>
      <subfield code="5">DNAL</subfield>
    </datafield>
    <datafield tag="935" ind1=" " ind2=" ">
      <subfield code="a">IND500651287</subfield>
      <subfield code="9">ExL</subfield>
    </datafield>
    <datafield tag="949" ind1=" " ind2=" ">
      <subfield code="a">2014-10-09</subfield>
    </datafield>
    <datafield tag="953" ind1=" " ind2=" ">
      <subfield code="a">VEGSv14i1-04290044-175000.zip</subfield>
    </datafield>
    <datafield tag="962" ind1=" " ind2=" ">
      <subfield code="a">Batch:663 annotated on 2014-09-16T12:27:54Z</subfield>
    </datafield>
    <datafield tag="962" ind1=" " ind2=" ">
      <subfield code="a">Batch:663 reviewed on 2014-10-08T16:00:02Z</subfield>
    </datafield>
    <datafield tag="962" ind1=" " ind2=" ">
      <subfield code="a">Batch:663 reviewed on 2014-10-09T04:00:02Z</subfield>
    </datafield>
    <datafield tag="974" ind1=" " ind2=" ">
      <subfield code="a">agid:129991</subfield>
    </datafield>
    <datafield tag="983" ind1=" " ind2=" ">
      <subfield code="a">2015-11-27</subfield>
    </datafield>
    <datafield tag="984" ind1=" " ind2=" ">
      <subfield code="a">2018-06-25</subfield>
    </datafield>
  </record>