
  <record>
    <leader>04480nab a2200685 u 4500</leader>
    <controlfield tag="001">9916258378707426</controlfield>
    <controlfield tag="005">20221118023230.0</controlfield>
    <controlfield tag="008">210405e202103 xx |||||o|||||||||||eng||</controlfield>
    <datafield tag="016" ind1="7" ind2=" ">
      <subfield code="a">IND607176820</subfield>
      <subfield code="2">DNAL</subfield>
    </datafield>
    <datafield tag="024" ind1="7" ind2=" ">
      <subfield code="a">10.1016/j.catena.2020.105011</subfield>
      <subfield code="2">doi</subfield>
    </datafield>
    <datafield tag="035" ind1=" " ind2=" ">
      <subfield code="a">agid:7176820-01nal_inst</subfield>
    </datafield>
    <datafield tag="040" ind1=" " ind2=" ">
      <subfield code="a">AGL</subfield>
      <subfield code="b">eng</subfield>
      <subfield code="c">AGL</subfield>
    </datafield>
    <datafield tag="100" ind1="1" ind2=" ">
      <subfield code="a">Wang, Zhou</subfield>
      <subfield code="e">author</subfield>
      <subfield code="u">State Key Laboratory of Vegetation and Environmental Change, Institute of
        Botany, Chinese Academy of Sciences, 20 Nanxincun, Haidian District, Beijing, 100093,
        China</subfield>
      <subfield code="1">https://orcid.org/0000-0001-8753-5582</subfield>
    </datafield>
    <datafield tag="245" ind1="1" ind2="0">
      <subfield code="a">Topographic patterns of forest decline as detected from tree rings and
        NDVI</subfield>
    </datafield>
    <datafield tag="500" ind1=" " ind2=" ">
      <subfield code="a">NAL-AP-2-clean</subfield>
    </datafield>
    <datafield tag="520" ind1=" " ind2=" ">
      <subfield code="a">Forest decline is mostly attributed to factors related to climate change
        and human activities. However, it is not well-known how topographic factors indirectly shape
        the forest decline. In this study, we analyzed the topographic patterns of growth decline in
        Pinus densiflora forests in the Mengshan Mountains of eastern China. A forest decline event
        occurring in 2009–2014 was identified using the Normalized Difference Vegetation Index
        (NDVI) and tree-ring widths. A decision tree model was developed to extract the topographic
        pattern of the forest decline. Boosted regression tree model indicates that the relative
        influence of elevation is 93.6%, and the remaining relative influence includes aspect,
        slope, and landform. We conclude that topography, elevation in particular, indirectly shapes
        the vulnerability of sites to forest decline and can thus be used to predict the spatial
        decline risks. Our findings provide new insights into the role of topography in forest
        decline and hold implications for predicting decline risk and protecting forests in a
        rapidly changing world.</subfield>
    </datafield>
    <datafield tag="592" ind1=" " ind2=" ">
      <subfield code="a">Publisher supplied data</subfield>
    </datafield>
    <datafield tag="593" ind1=" " ind2=" ">
      <subfield code="a">PubAg article</subfield>
    </datafield>
    <datafield tag="650" ind1=" " ind2="3">
      <subfield code="a">Pinus densiflora</subfield>
    </datafield>
    <datafield tag="650" ind1=" " ind2="3">
      <subfield code="a">catenas</subfield>
    </datafield>
    <datafield tag="650" ind1=" " ind2="3">
      <subfield code="a">climate change</subfield>
    </datafield>
    <datafield tag="650" ind1=" " ind2="3">
      <subfield code="a">decision support systems</subfield>
    </datafield>
    <datafield tag="650" ind1=" " ind2="3">
      <subfield code="a">forest decline</subfield>
    </datafield>
    <datafield tag="650" ind1=" " ind2="3">
      <subfield code="a">growth rings</subfield>
    </datafield>
    <datafield tag="650" ind1=" " ind2="3">
      <subfield code="a">humans</subfield>
    </datafield>
    <datafield tag="650" ind1=" " ind2="3">
      <subfield code="a">models</subfield>
    </datafield>
    <datafield tag="650" ind1=" " ind2="3">
      <subfield code="a">normalized difference vegetation index</subfield>
    </datafield>
    <datafield tag="650" ind1=" " ind2="3">
      <subfield code="a">regression analysis</subfield>
    </datafield>
    <datafield tag="650" ind1=" " ind2="3">
      <subfield code="a">risk</subfield>
    </datafield>
    <datafield tag="650" ind1=" " ind2="3">
      <subfield code="a">topography</subfield>
    </datafield>
    <datafield tag="650" ind1=" " ind2="3">
      <subfield code="a">trees</subfield>
    </datafield>
    <datafield tag="651" ind1=" " ind2="3">
      <subfield code="a">China</subfield>
    </datafield>
    <datafield tag="653" ind1=" " ind2="0">
      <subfield code="a">Decision tree</subfield>
    </datafield>
    <datafield tag="653" ind1=" " ind2="0">
      <subfield code="a">Boosted regression trees</subfield>
    </datafield>
    <datafield tag="653" ind1=" " ind2="0">
      <subfield code="a">Topographic</subfield>
    </datafield>
    <datafield tag="653" ind1=" " ind2="0">
      <subfield code="a">Spatial pattern</subfield>
    </datafield>
    <datafield tag="700" ind1="1" ind2=" ">
      <subfield code="a">Lyu, Lixin</subfield>
      <subfield code="e">author</subfield>
      <subfield code="u">State Key Laboratory of Vegetation and Environmental Change, Institute of
        Botany, Chinese Academy of Sciences, 20 Nanxincun, Haidian District, Beijing, 100093,
        China</subfield>
      <subfield code="1">https://orcid.org/0000-0002-4996-7867</subfield>
    </datafield>
    <datafield tag="700" ind1="1" ind2=" ">
      <subfield code="a">Liu, Weixing</subfield>
      <subfield code="e">author</subfield>
      <subfield code="u">State Key Laboratory of Vegetation and Environmental Change, Institute of
        Botany, Chinese Academy of Sciences, 20 Nanxincun, Haidian District, Beijing, 100093,
        China</subfield>
    </datafield>
    <datafield tag="700" ind1="1" ind2=" ">
      <subfield code="a">Liang, Hanxue</subfield>
      <subfield code="e">author</subfield>
      <subfield code="u">Key Laboratory of Vegetation Restoration and Management of Degraded
        Ecosystems, Guangdong Provincial Key Laboratory of Applied Botany, South China Botanical
        Garden, Chinese Academy of Sciences, 723 Xingke Road, Tianhe District, Guangzhou 510650,
        China</subfield>
    </datafield>
    <datafield tag="700" ind1="1" ind2=" ">
      <subfield code="a">Huang, Jianguo</subfield>
      <subfield code="e">author</subfield>
      <subfield code="u">Key Laboratory of Vegetation Restoration and Management of Degraded
        Ecosystems, Guangdong Provincial Key Laboratory of Applied Botany, South China Botanical
        Garden, Chinese Academy of Sciences, 723 Xingke Road, Tianhe District, Guangzhou 510650,
        China</subfield>
    </datafield>
    <datafield tag="700" ind1="1" ind2=" ">
      <subfield code="a">Zhang, Qi-Bin</subfield>
      <subfield code="e">author</subfield>
      <subfield code="u">State Key Laboratory of Vegetation and Environmental Change, Institute of
        Botany, Chinese Academy of Sciences, 20 Nanxincun, Haidian District, Beijing, 100093,
        China</subfield>
    </datafield>
    <datafield tag="773" ind1="0" ind2=" ">
      <subfield code="t">Catena.</subfield>
      <subfield code="g">2021 Mar., v. 198 p.105011-</subfield>
      <subfield code="d">Elsevier B.V.</subfield>
      <subfield code="w">Journal:6271</subfield>
      <subfield code="x">0341-8162</subfield>
      <subfield code="7">nnas</subfield>
    </datafield>
    <datafield tag="787" ind1="1" ind2=" ">
      <subfield code="o">islandora_article_repository</subfield>
    </datafield>
    <datafield tag="787" ind1="1" ind2=" ">
      <subfield code="o">product_pubag</subfield>
    </datafield>
    <datafield tag="787" ind1="1" ind2=" ">
      <subfield code="o">(Journal)6271</subfield>
    </datafield>
    <datafield tag="856" ind1="4" ind2="0">
      <subfield code="u">https://dx.doi.org/10.1016/j.catena.2020.105011</subfield>
      <subfield code="3">Available from publisher's site</subfield>
    </datafield>
    <datafield tag="912" ind1=" " ind2=" ">
      <subfield code="a">Article</subfield>
    </datafield>
    <datafield tag="914" ind1=" " ind2=" ">
      <subfield code="a">Journal:6271</subfield>
      <subfield code="b">0341-8162</subfield>
      <subfield code="e">105011</subfield>
    </datafield>
    <datafield tag="914" ind1=" " ind2=" ">
      <subfield code="f">Catena</subfield>
    </datafield>
    <datafield tag="916" ind1=" " ind2=" ">
      <subfield code="a">Batch:10142</subfield>
    </datafield>
    <datafield tag="917" ind1=" " ind2=" ">
      <subfield code="a">issued</subfield>
    </datafield>
    <datafield tag="918" ind1="2" ind2=" ">
      <subfield code="a">Elsevier Consyn</subfield>
      <subfield code="e">provider</subfield>
      <subfield code="5">DNAL</subfield>
    </datafield>
    <datafield tag="935" ind1=" " ind2=" ">
      <subfield code="a">IND607176820</subfield>
      <subfield code="9">ExL</subfield>
    </datafield>
    <datafield tag="949" ind1=" " ind2=" ">
      <subfield code="a">2021-06-17</subfield>
    </datafield>
    <datafield tag="953" ind1=" " ind2=" ">
      <subfield code="a"
        >/data/metadata/incoming/consyn/835268149763737094-00001-HEAD-ONLY-REVISEDSUBJECTLIST.ZIP</subfield>
    </datafield>
    <datafield tag="954" ind1=" " ind2=" ">
      <subfield code="a">file:/data/metadata/staging/consyn/S0341816220305610.xml</subfield>
    </datafield>
    <datafield tag="955" ind1=" " ind2=" ">
      <subfield code="a">/data/metadata/staging/consyn/</subfield>
    </datafield>
    <datafield tag="974" ind1=" " ind2=" ">
      <subfield code="a">agid:7176820</subfield>
    </datafield>
    <datafield tag="983" ind1=" " ind2=" ">
      <subfield code="a">2021-04-05</subfield>
    </datafield>
    <datafield tag="984" ind1=" " ind2=" ">
      <subfield code="a">2021-06-17</subfield>
    </datafield>
  </record>