
  <record>
    <leader>04909nab a2200661 u 4500</leader>
    <controlfield tag="001">9916258601307426</controlfield>
    <controlfield tag="005">20221118024334.0</controlfield>
    <controlfield tag="008">210506e20210228xx |||||o|||||||||||eng||</controlfield>
    <datafield tag="016" ind1="7" ind2=" ">
      <subfield code="a">IND607194525</subfield>
      <subfield code="2">DNAL</subfield>
    </datafield>
    <datafield tag="024" ind1="7" ind2=" ">
      <subfield code="a">10.1016/j.agwat.2020.106652</subfield>
      <subfield code="2">doi</subfield>
    </datafield>
    <datafield tag="035" ind1=" " ind2=" ">
      <subfield code="a">agid:7194525-01nal_inst</subfield>
    </datafield>
    <datafield tag="040" ind1=" " ind2=" ">
      <subfield code="a">AGL</subfield>
      <subfield code="b">eng</subfield>
      <subfield code="c">AGL</subfield>
    </datafield>
    <datafield tag="100" ind1="1" ind2=" ">
      <subfield code="a">Martínez, Gonzalo</subfield>
      <subfield code="e">author</subfield>
      <subfield code="u">Departamento de Física Aplicada, Radiología y Medicina Física, Universidad
        de Córdoba, Campus de Rabanales, Edificio Albert Einstein, Ctra. Madrid km 396, 14071
        Córdoba, Spain</subfield>
    </datafield>
    <datafield tag="245" ind1="1" ind2="0">
      <subfield code="a">Concurrent variability of soil moisture and apparent electrical
        conductivity in the proximity of olive trees</subfield>
    </datafield>
    <datafield tag="500" ind1=" " ind2=" ">
      <subfield code="a">NAL-AP-2-clean</subfield>
    </datafield>
    <datafield tag="520" ind1=" " ind2=" ">
      <subfield code="a">Detailed knowledge of soil moisture (θ) is crucial for implementing
        appropriate soil and crop management decisions and assuring crop productivity and soil
        functioning. θ measurement is challenging in the stony soils of traditional olive orchards
        where the operationality of common sensors is often compromised and fine scale variability
        of soil properties is complex as a result of the presence and specific architecture of the
        tree root system and canopy. In such environments, non-invasive electromagnetic induction
        (EMI) sensors constitute an alternative for measuring θ. Here we evaluate this alternative
        by exploring relationships between θ and apparent electrical conductivity (ECₐ) and
        contribute to improved understanding of spatio-temporal θ variability in the proximity of
        olive trees. Continuously measured θ in a trench on one side of an olive tree was
        complemented with 47 ECₐ surveys conducted periodically at the opposite side of the tree
        during a period of 15 months. θ was measured in the trench at five distances from the trunk
        (0.6–3.8 m) and at five depths (0.1–0.8 m). ECₐ was measured at the same distances from the
        trunk. We observed similar temporal patterns of θ and ECₐ in response to precipitation and
        evaporation at the site. The proportionality between spatial means of θ and ECₐ and the
        similarity in the relationships between spatial mean and standard deviation for each
        variable revealed concurrent spatio-temporal patterns. Dependence on distance to the trunk
        was different for θ and ECₐ, with an apparent erratic response for the former and a positive
        relationship for the latter. The slope of the linear θ-ECₐ models showed power law decay
        with distance to the trunk as a result of the varying soil and tree properties around the
        tree. These results pave the way for implementing coupled static-mobile ECₐ monitoring
        systems and θ estimation in olive orchards from the plot to the field and farm
        scales.</subfield>
    </datafield>
    <datafield tag="592" ind1=" " ind2=" ">
      <subfield code="a">Publisher supplied data</subfield>
    </datafield>
    <datafield tag="593" ind1=" " ind2=" ">
      <subfield code="a">PubAg article</subfield>
    </datafield>
    <datafield tag="650" ind1=" " ind2="3">
      <subfield code="a">Olea europaea</subfield>
    </datafield>
    <datafield tag="650" ind1=" " ind2="3">
      <subfield code="a">canopy</subfield>
    </datafield>
    <datafield tag="650" ind1=" " ind2="3">
      <subfield code="a">crop management</subfield>
    </datafield>
    <datafield tag="650" ind1=" " ind2="3">
      <subfield code="a">electrical conductivity</subfield>
    </datafield>
    <datafield tag="650" ind1=" " ind2="3">
      <subfield code="a">evaporation</subfield>
    </datafield>
    <datafield tag="650" ind1=" " ind2="3">
      <subfield code="a">farms</subfield>
    </datafield>
    <datafield tag="650" ind1=" " ind2="3">
      <subfield code="a">olives</subfield>
    </datafield>
    <datafield tag="650" ind1=" " ind2="3">
      <subfield code="a">plant architecture</subfield>
    </datafield>
    <datafield tag="650" ind1=" " ind2="3">
      <subfield code="a">root systems</subfield>
    </datafield>
    <datafield tag="650" ind1=" " ind2="3">
      <subfield code="a">soil water</subfield>
    </datafield>
    <datafield tag="650" ind1=" " ind2="3">
      <subfield code="a">standard deviation</subfield>
    </datafield>
    <datafield tag="650" ind1=" " ind2="3">
      <subfield code="a">trees</subfield>
    </datafield>
    <datafield tag="650" ind1=" " ind2="3">
      <subfield code="a">water management</subfield>
    </datafield>
    <datafield tag="653" ind1=" " ind2="0">
      <subfield code="a">Spatio-temporal variability</subfield>
    </datafield>
    <datafield tag="653" ind1=" " ind2="0">
      <subfield code="a">Electromagnetic induction</subfield>
    </datafield>
    <datafield tag="653" ind1=" " ind2="0">
      <subfield code="a">Soil apparent electrical conductivity</subfield>
    </datafield>
    <datafield tag="653" ind1=" " ind2="0">
      <subfield code="a">Soil moisture</subfield>
    </datafield>
    <datafield tag="653" ind1=" " ind2="0">
      <subfield code="a">Olive tree, sensor networks</subfield>
    </datafield>
    <datafield tag="700" ind1="1" ind2=" ">
      <subfield code="a">Laguna, Ana M.</subfield>
      <subfield code="e">author</subfield>
      <subfield code="u">Departamento de Física Aplicada, Radiología y Medicina Física, Universidad
        de Córdoba, Campus de Rabanales, Edificio Albert Einstein, Ctra. Madrid km 396, 14071
        Córdoba, Spain</subfield>
    </datafield>
    <datafield tag="700" ind1="1" ind2=" ">
      <subfield code="a">Giráldez, Juan Vicente</subfield>
      <subfield code="e">author</subfield>
      <subfield code="u">Departamento de Agronomía, Universidad de Córdoba, Campus de Rabanales,
        Edificio da Vinci, Ctra. Madrid km 396, 14071 Córdoba, Spain</subfield>
    </datafield>
    <datafield tag="700" ind1="1" ind2=" ">
      <subfield code="a">Vanderlinden, Karl</subfield>
      <subfield code="e">author</subfield>
      <subfield code="u">IFAPA, Centro Alameda del Obispo, Avda. Menéndez Pidal sn, 14004 Córdoba,
        Spain</subfield>
    </datafield>
    <datafield tag="773" ind1="0" ind2=" ">
      <subfield code="t">Agricultural water management.</subfield>
      <subfield code="g">2021 Feb. 28, v. 245 p.106652-</subfield>
      <subfield code="d">Elsevier B.V.</subfield>
      <subfield code="w">Journal:jnl8460</subfield>
      <subfield code="x">0378-3774</subfield>
      <subfield code="7">nnas</subfield>
    </datafield>
    <datafield tag="787" ind1="1" ind2=" ">
      <subfield code="o">islandora_article_repository</subfield>
    </datafield>
    <datafield tag="787" ind1="1" ind2=" ">
      <subfield code="o">product_pubag</subfield>
    </datafield>
    <datafield tag="787" ind1="1" ind2=" ">
      <subfield code="o">(Journal)jnl8460</subfield>
    </datafield>
    <datafield tag="856" ind1="4" ind2="0">
      <subfield code="u">https://dx.doi.org/10.1016/j.agwat.2020.106652</subfield>
      <subfield code="3">Available from publisher's site</subfield>
    </datafield>
    <datafield tag="912" ind1=" " ind2=" ">
      <subfield code="a">Article</subfield>
    </datafield>
    <datafield tag="914" ind1=" " ind2=" ">
      <subfield code="a">Journal:jnl8460</subfield>
      <subfield code="b">0378-3774</subfield>
      <subfield code="e">106652</subfield>
    </datafield>
    <datafield tag="914" ind1=" " ind2=" ">
      <subfield code="f">Agricultural water management</subfield>
    </datafield>
    <datafield tag="916" ind1=" " ind2=" ">
      <subfield code="a">Batch:10117</subfield>
    </datafield>
    <datafield tag="917" ind1=" " ind2=" ">
      <subfield code="a">issued</subfield>
    </datafield>
    <datafield tag="918" ind1="2" ind2=" ">
      <subfield code="a">Elsevier Consyn</subfield>
      <subfield code="e">provider</subfield>
      <subfield code="5">DNAL</subfield>
    </datafield>
    <datafield tag="935" ind1=" " ind2=" ">
      <subfield code="a">IND607194525</subfield>
      <subfield code="9">ExL</subfield>
    </datafield>
    <datafield tag="949" ind1=" " ind2=" ">
      <subfield code="a">2021-08-30</subfield>
    </datafield>
    <datafield tag="953" ind1=" " ind2=" ">
      <subfield code="a">/data/metadata/incoming/consyn/324617848008269116-00003-HEAD-ONLY-NEW
        CONSYN ISSNS.ZIP</subfield>
    </datafield>
    <datafield tag="954" ind1=" " ind2=" ">
      <subfield code="a">file:/data/metadata/staging/consyn/S037837742032196X.xml</subfield>
    </datafield>
    <datafield tag="955" ind1=" " ind2=" ">
      <subfield code="a">/data/metadata/staging/consyn/</subfield>
    </datafield>
    <datafield tag="974" ind1=" " ind2=" ">
      <subfield code="a">agid:7194525</subfield>
    </datafield>
    <datafield tag="983" ind1=" " ind2=" ">
      <subfield code="a">2021-05-06</subfield>
    </datafield>
    <datafield tag="984" ind1=" " ind2=" ">
      <subfield code="a">2021-08-30</subfield>
    </datafield>
  </record>