
  <record>
    <leader>03923nab a2200589 u 4500</leader>
    <controlfield tag="001">9916258786207426</controlfield>
    <controlfield tag="005">20221118024550.0</controlfield>
    <controlfield tag="008">191025e20191005xx |||||o|||||||||||eng||</controlfield>
    <datafield tag="016" ind1="7" ind2=" ">
      <subfield code="a">IND606744840</subfield>
      <subfield code="2">DNAL</subfield>
    </datafield>
    <datafield tag="024" ind1="7" ind2=" ">
      <subfield code="a">10.3390/f10100875</subfield>
      <subfield code="2">doi</subfield>
    </datafield>
    <datafield tag="035" ind1=" " ind2=" ">
      <subfield code="a">agid:6744840-01nal_inst</subfield>
    </datafield>
    <datafield tag="040" ind1=" " ind2=" ">
      <subfield code="a">AGL</subfield>
      <subfield code="b">eng</subfield>
      <subfield code="c">AGL</subfield>
    </datafield>
    <datafield tag="100" ind1="1" ind2=" ">
      <subfield code="a">Zhou, Yejing </subfield>
      <subfield code="e">author</subfield>
    </datafield>
    <datafield tag="245" ind1="1" ind2="0">
      <subfield code="a">GIS-Based Urban Afforestation Spatial Patterns and a Strategy for
        PM&lt;sub&gt;2.5&lt;/sub&gt; Removal</subfield>
    </datafield>
    <datafield tag="520" ind1=" " ind2=" ">
      <subfield code="a">Within the scope of ecological development planning in China, afforestation
        is highly valued. However, the scientific planning of afforestation still has inadequacies.
        There are few studies on the spatial distribution of urban forests targeted at air quality
        improvement. Here, we implemented a virtual experiment to evaluate whether different tree
        planting distribution plans with the same afforestation scale would have a significant
        effect on fine particulate matter (PM&lt;inf&gt;2.5&lt;/inf&gt;) removal. As a case study of
        Wuhan, this paper identified the statistical regularity between PM&lt;inf&gt;2.5&lt;/inf&gt;
        concentration and adsorption of representative trees through field sampling and measurement,
        simulated the influence of different afforestation plans on PM&lt;inf&gt;2.5&lt;/inf&gt;
        concentration based on Geographic Information System (GIS), judged the significance of the
        difference of the plans, and proposed a greening distribution strategy. The results show
        that different forest layouts had no significant impact on PM&lt;inf&gt;2.5&lt;/inf&gt; in
        the administrative region, and the concentration reduction rate was only 1%&amp;ndash;2%.
        Targeted planting of trees in heavily polluted areas in the city center would have achieved
        better air quality improvement, with a reduction rate of 3%&amp;ndash;5%. In Wuhan
        construction areas, trees should be planted to increase the forest coverage rate to 30%. The
        edge of the urban metropolitan development zone needs to be strengthened with trees to form
        a forest belt 10 km&amp;ndash;20 km wide, with a forest coverage rate of at least 60%. In
        general, the capability of trees to reduce PM&lt;inf&gt;2.5&lt;/inf&gt; concentration is
        weak. The fundamental way to improve air quality is to reduce emissions; planting trees is
        only an auxiliary measure. More ecological forest functions should be considered in
        city-wide afforestation distribution.</subfield>
    </datafield>
    <datafield tag="592" ind1=" " ind2=" ">
      <subfield code="a">Publisher supplied data</subfield>
    </datafield>
    <datafield tag="593" ind1=" " ind2=" ">
      <subfield code="a">PubAg article</subfield>
    </datafield>
    <datafield tag="650" ind1=" " ind2="3">
      <subfield code="a">adsorption</subfield>
    </datafield>
    <datafield tag="650" ind1=" " ind2="3">
      <subfield code="a">afforestation</subfield>
    </datafield>
    <datafield tag="650" ind1=" " ind2="3">
      <subfield code="a">air quality</subfield>
    </datafield>
    <datafield tag="650" ind1=" " ind2="3">
      <subfield code="a">case studies</subfield>
    </datafield>
    <datafield tag="650" ind1=" " ind2="3">
      <subfield code="a">development planning</subfield>
    </datafield>
    <datafield tag="650" ind1=" " ind2="3">
      <subfield code="a">emissions</subfield>
    </datafield>
    <datafield tag="650" ind1=" " ind2="3">
      <subfield code="a">geographic information systems</subfield>
    </datafield>
    <datafield tag="650" ind1=" " ind2="3">
      <subfield code="a">particulates</subfield>
    </datafield>
    <datafield tag="650" ind1=" " ind2="3">
      <subfield code="a">planting</subfield>
    </datafield>
    <datafield tag="650" ind1=" " ind2="3">
      <subfield code="a">trees</subfield>
    </datafield>
    <datafield tag="650" ind1=" " ind2="3">
      <subfield code="a">urban forests</subfield>
    </datafield>
    <datafield tag="651" ind1=" " ind2="3">
      <subfield code="a">China</subfield>
    </datafield>
    <datafield tag="700" ind1="1" ind2=" ">
      <subfield code="a">Liu, Helin </subfield>
      <subfield code="e">author</subfield>
      <subfield code="u">School of Architecture and Urban Planning, Huazhong University of Science
        and Technology, Wuhan 430000, China. hl362@hust.edu.cn</subfield>
    </datafield>
    <datafield tag="700" ind1="1" ind2=" ">
      <subfield code="a">Zhou, Jingxuan </subfield>
      <subfield code="e">author</subfield>
    </datafield>
    <datafield tag="700" ind1="1" ind2=" ">
      <subfield code="a">Xia, Meng </subfield>
      <subfield code="e">author</subfield>
    </datafield>
    <datafield tag="773" ind1="0" ind2=" ">
      <subfield code="t">Forests.</subfield>
      <subfield code="g">2019 Oct. 05, v. 10, no. 10</subfield>
      <subfield code="d">Multidisciplinary Digital Publishing Institute</subfield>
      <subfield code="w">Journal:2257</subfield>
      <subfield code="x">1999-4907</subfield>
      <subfield code="7">nnas</subfield>
    </datafield>
    <datafield tag="787" ind1="1" ind2=" ">
      <subfield code="o">islandora_article_repository</subfield>
    </datafield>
    <datafield tag="787" ind1="1" ind2=" ">
      <subfield code="o">product_pubag</subfield>
    </datafield>
    <datafield tag="787" ind1="1" ind2=" ">
      <subfield code="o">(Journal)2257</subfield>
    </datafield>
    <datafield tag="856" ind1="4" ind2="0">
      <subfield code="u">http://dx.doi.org/10.3390/f10100875</subfield>
      <subfield code="3">Available from publisher's site</subfield>
    </datafield>
    <datafield tag="912" ind1=" " ind2=" ">
      <subfield code="a">Article</subfield>
    </datafield>
    <datafield tag="914" ind1=" " ind2=" ">
      <subfield code="a">Journal:2257</subfield>
      <subfield code="b">1999-4907</subfield>
      <subfield code="c">10</subfield>
      <subfield code="d">10</subfield>
    </datafield>
    <datafield tag="914" ind1=" " ind2=" ">
      <subfield code="f">Forests</subfield>
    </datafield>
    <datafield tag="916" ind1=" " ind2=" ">
      <subfield code="a">Batch:2375</subfield>
    </datafield>
    <datafield tag="917" ind1=" " ind2=" ">
      <subfield code="a">issued</subfield>
    </datafield>
    <datafield tag="918" ind1="2" ind2=" ">
      <subfield code="a">Multidisciplinary Digital Publishing Institute</subfield>
      <subfield code="e">provider</subfield>
      <subfield code="5">DNAL</subfield>
    </datafield>
    <datafield tag="935" ind1=" " ind2=" ">
      <subfield code="a">IND606744840</subfield>
      <subfield code="9">ExL</subfield>
    </datafield>
    <datafield tag="949" ind1=" " ind2=" ">
      <subfield code="a">2019-12-18</subfield>
    </datafield>
    <datafield tag="953" ind1=" " ind2=" ">
      <subfield code="a"
        >/data/metadata/incoming/mdpinstitute/forests-v10-i10-20191025.xml</subfield>
    </datafield>
    <datafield tag="954" ind1=" " ind2=" ">
      <subfield code="a"
        >file:/data/metadata/staging/mdpinstitute/forests-v10-i10-20191025.xml</subfield>
    </datafield>
    <datafield tag="955" ind1=" " ind2=" ">
      <subfield code="a">/data/metadata/staging/mdpinstitute/</subfield>
    </datafield>
    <datafield tag="962" ind1=" " ind2=" ">
      <subfield code="a">Batch:2375 reviewed on 2019-12-18T11:00:04Z</subfield>
    </datafield>
    <datafield tag="974" ind1=" " ind2=" ">
      <subfield code="a">agid:6744840</subfield>
    </datafield>
    <datafield tag="983" ind1=" " ind2=" ">
      <subfield code="a">2019-10-25</subfield>
    </datafield>
    <datafield tag="984" ind1=" " ind2=" ">
      <subfield code="a">2019-12-18</subfield>
    </datafield>
  </record>