
  <record>
    <leader>04138nab a2200685 u 4500</leader>
    <controlfield tag="001">9916259111907426</controlfield>
    <controlfield tag="005">20221118025605.0</controlfield>
    <controlfield tag="008">200513e20140201xx |||||o|||||||||||eng||</controlfield>
    <datafield tag="016" ind1="7" ind2=" ">
      <subfield code="a">IND500717202</subfield>
      <subfield code="2">DNAL</subfield>
    </datafield>
    <datafield tag="024" ind1="7" ind2=" ">
      <subfield code="a">10.1007/s10310-012-0383-9</subfield>
      <subfield code="2">doi</subfield>
    </datafield>
    <datafield tag="035" ind1=" " ind2=" ">
      <subfield code="a">agid:617406-01nal_inst</subfield>
    </datafield>
    <datafield tag="040" ind1=" " ind2=" ">
      <subfield code="a">AGL</subfield>
      <subfield code="b">eng</subfield>
      <subfield code="c">AGL</subfield>
    </datafield>
    <datafield tag="100" ind1="1" ind2=" ">
      <subfield code="a">Enoki, Tsutomu</subfield>
      <subfield code="e">author</subfield>
      <subfield code="u">Shiiba Research Forest, Kyushu University, 949 Okawachi, Shiiba, Miyazaki
        883-0402, Japan</subfield>
    </datafield>
    <datafield tag="245" ind1="1" ind2="0">
      <subfield code="a">Stand structure and plant species occurrence in forest edge habitat along
        different aged roads on Okinawa Island, southwestern Japan</subfield>
    </datafield>
    <datafield tag="300" ind1=" " ind2=" ">
      <subfield code="a">p. 97-104.</subfield>
    </datafield>
    <datafield tag="520" ind1=" " ind2=" ">
      <subfield code="a">We compared stand structure and plant species occurrence on the shoulders
        of 3-, 10- and 20-year-old roads in a subtropical evergreen broad-leaved forest to document
        temporal changes in edge effects of forest roads. We recorded 154 vascular species in the
        study plots, including 3 non-native species. We used generalized linear mixed models to
        analyze changes in forest structure and plant species composition in relationship to the
        distance from forest roads. The spatial patterns in stand structure at different distances
        from roads differed with road age. The large canopy openness on the edge of 3-year-old roads
        decreased with time after the construction. A progressive decrease in tree height on
        roadsides was observed after the road construction, suggesting tall trees could not
        withstand the dry and windy roadside environment. The edge effect on the canopy tended to be
        larger at higher elevation sites. The spatio-temporal pattern of species occurrence based on
        distance from roads differed by species. Typical pioneer species such as Schima wallichii
        and Eurya japonica increased along the edge, while less aggressive pioneer species and
        understory species decreased. As time passed after the road construction, some climax and
        understory species decreased at the forest edge, while other climax and understory species
        increased. The modeling methods proposed in this study could be applied to different
        roadside and edge study sites.</subfield>
    </datafield>
    <datafield tag="592" ind1=" " ind2=" ">
      <subfield code="a">Publisher supplied data</subfield>
    </datafield>
    <datafield tag="593" ind1=" " ind2=" ">
      <subfield code="a">PubAg article</subfield>
    </datafield>
    <datafield tag="650" ind1=" " ind2="3">
      <subfield code="a">temporal variation</subfield>
    </datafield>
    <datafield tag="650" ind1=" " ind2="3">
      <subfield code="a">deciduous forests</subfield>
    </datafield>
    <datafield tag="650" ind1=" " ind2="3">
      <subfield code="a">canopy</subfield>
    </datafield>
    <datafield tag="650" ind1=" " ind2="3">
      <subfield code="a">pioneer species</subfield>
    </datafield>
    <datafield tag="650" ind1=" " ind2="3">
      <subfield code="a">introduced species</subfield>
    </datafield>
    <datafield tag="650" ind1=" " ind2="3">
      <subfield code="a">Eurya</subfield>
    </datafield>
    <datafield tag="650" ind1=" " ind2="3">
      <subfield code="a">edge effects</subfield>
    </datafield>
    <datafield tag="650" ind1=" " ind2="3">
      <subfield code="a">road construction</subfield>
    </datafield>
    <datafield tag="650" ind1=" " ind2="3">
      <subfield code="a">trees</subfield>
    </datafield>
    <datafield tag="650" ind1=" " ind2="3">
      <subfield code="a">species diversity</subfield>
    </datafield>
    <datafield tag="650" ind1=" " ind2="3">
      <subfield code="a">forest roads</subfield>
    </datafield>
    <datafield tag="650" ind1=" " ind2="3">
      <subfield code="a">shoulders</subfield>
    </datafield>
    <datafield tag="650" ind1=" " ind2="3">
      <subfield code="a">broadleaved evergreens</subfield>
    </datafield>
    <datafield tag="650" ind1=" " ind2="3">
      <subfield code="a">stand structure</subfield>
    </datafield>
    <datafield tag="650" ind1=" " ind2="3">
      <subfield code="a">Schima</subfield>
    </datafield>
    <datafield tag="651" ind1=" " ind2="3">
      <subfield code="a">Ryukyu Archipelago</subfield>
    </datafield>
    <datafield tag="653" ind1=" " ind2="0">
      <subfield code="a">Edge effect</subfield>
    </datafield>
    <datafield tag="653" ind1=" " ind2="0">
      <subfield code="a">Okinawa Island</subfield>
    </datafield>
    <datafield tag="653" ind1=" " ind2="0">
      <subfield code="a">Road age</subfield>
    </datafield>
    <datafield tag="653" ind1=" " ind2="0">
      <subfield code="a">Spatio-temporal change</subfield>
    </datafield>
    <datafield tag="653" ind1=" " ind2="0">
      <subfield code="a">Subtropical forest</subfield>
    </datafield>
    <datafield tag="700" ind1="1" ind2=" ">
      <subfield code="a">Kusumoto, Buntarou</subfield>
      <subfield code="e">author</subfield>
      <subfield code="u">Faculty of Science, University of the Ryukyus, 1 Senbaru, Nishihara,
        Okinawa 903-0213, Japan</subfield>
    </datafield>
    <datafield tag="700" ind1="1" ind2=" ">
      <subfield code="a">Igarashi, Shuichi</subfield>
      <subfield code="e">author</subfield>
      <subfield code="u">The United Graduate School of Agricultural Science, Ehime University, 3–
        5–7Tarumi, Matsuyama, Ehime 70-8577, Japan</subfield>
    </datafield>
    <datafield tag="700" ind1="1" ind2=" ">
      <subfield code="a">Tsuji, Kazuki</subfield>
      <subfield code="e">author</subfield>
      <subfield code="u">Faculty of Agriculture, University of the Ryukyus, 1 Senbaru, Nishihara,
        Okinawa 903-0213, Japan</subfield>
    </datafield>
    <datafield tag="773" ind1="0" ind2=" ">
      <subfield code="t">Journal of forest research.</subfield>
      <subfield code="g">2014 Feb. 1, v. 19, no. 1 p.97-104</subfield>
      <subfield code="d">Taylor &amp; Francis</subfield>
      <subfield code="w">Journal:jnl3870061</subfield>
      <subfield code="x">1610-7403</subfield>
      <subfield code="7">nnas</subfield>
    </datafield>
    <datafield tag="787" ind1="1" ind2=" ">
      <subfield code="o">islandora_article_repository</subfield>
    </datafield>
    <datafield tag="787" ind1="1" ind2=" ">
      <subfield code="o">product_pubag</subfield>
    </datafield>
    <datafield tag="787" ind1="1" ind2=" ">
      <subfield code="o">(Journal)jnl3870061</subfield>
    </datafield>
    <datafield tag="856" ind1="4" ind2="0">
      <subfield code="u">https://dx.doi.org/10.1007/s10310-012-0383-9</subfield>
      <subfield code="3">Available from publisher's site</subfield>
    </datafield>
    <datafield tag="912" ind1=" " ind2=" ">
      <subfield code="a">Article</subfield>
    </datafield>
    <datafield tag="914" ind1=" " ind2=" ">
      <subfield code="a">Journal:jnl3870061</subfield>
      <subfield code="b">1341-6979</subfield>
      <subfield code="c">19</subfield>
      <subfield code="d">1</subfield>
      <subfield code="e">97</subfield>
    </datafield>
    <datafield tag="914" ind1=" " ind2=" ">
      <subfield code="f">Journal of forest research</subfield>
    </datafield>
    <datafield tag="917" ind1=" " ind2=" ">
      <subfield code="a">issued</subfield>
    </datafield>
    <datafield tag="918" ind1="2" ind2=" ">
      <subfield code="a">Taylor &amp; Francis Group</subfield>
      <subfield code="e">provider</subfield>
      <subfield code="5">DNAL</subfield>
    </datafield>
    <datafield tag="935" ind1=" " ind2=" ">
      <subfield code="a">IND500717202</subfield>
      <subfield code="9">ExL</subfield>
    </datafield>
    <datafield tag="949" ind1=" " ind2=" ">
      <subfield code="a">2014-02-03</subfield>
    </datafield>
    <datafield tag="953" ind1=" " ind2=" ">
      <subfield code="a"
        >/data/metadata/incoming/taylorfrancis/tjfr20_tjfr20.v019.i01_20200416214511#20046567.zip</subfield>
    </datafield>
    <datafield tag="954" ind1=" " ind2=" ">
      <subfield code="a">file:/data/metadata/staging/taylorfrancis/s10310-012-0383-9.xml</subfield>
    </datafield>
    <datafield tag="955" ind1=" " ind2=" ">
      <subfield code="a">/data/metadata/staging/taylorfrancis/</subfield>
    </datafield>
    <datafield tag="974" ind1=" " ind2=" ">
      <subfield code="a">agid:617406</subfield>
    </datafield>
    <datafield tag="983" ind1=" " ind2=" ">
      <subfield code="a">2020-05-13</subfield>
    </datafield>
    <datafield tag="984" ind1=" " ind2=" ">
      <subfield code="a">2020-05-13</subfield>
    </datafield>
  </record>