
  <record>
    <leader>03916nab a2200553 u 4500</leader>
    <controlfield tag="001">9916259373207426</controlfield>
    <controlfield tag="005">20221118025850.0</controlfield>
    <controlfield tag="008">100510e200811 xx |||||o|||||||||||eng||</controlfield>
    <datafield tag="016" ind1="7" ind2=" ">
      <subfield code="a">IND44368365</subfield>
      <subfield code="2">DNAL</subfield>
    </datafield>
    <datafield tag="024" ind1="7" ind2=" ">
      <subfield code="a">10.1029/2008WR006993</subfield>
      <subfield code="2">doi</subfield>
    </datafield>
    <datafield tag="035" ind1=" " ind2=" ">
      <subfield code="a">agid:784148-01nal_inst</subfield>
    </datafield>
    <datafield tag="040" ind1=" " ind2=" ">
      <subfield code="a">AGL</subfield>
      <subfield code="b">eng</subfield>
      <subfield code="c">AGL</subfield>
    </datafield>
    <datafield tag="072" ind1=" " ind2="0">
      <subfield code="a"> X620 </subfield>
    </datafield>
    <datafield tag="072" ind1=" " ind2="0">
      <subfield code="a"> X100 </subfield>
    </datafield>
    <datafield tag="100" ind1="1" ind2=" ">
      <subfield code="a">Hu, L.Y.</subfield>
    </datafield>
    <datafield tag="245" ind1="1" ind2="0">
      <subfield code="a">Multiple-point geostatistics for modeling subsurface heterogeneity: A
        comprehensive review</subfield>
    </datafield>
    <datafield tag="300" ind1=" " ind2=" ">
      <subfield code="a">p. W11413 (14 p.</subfield>
    </datafield>
    <datafield tag="500" ind1=" " ind2=" ">
      <subfield code="a">Includes references</subfield>
    </datafield>
    <datafield tag="500" ind1=" " ind2=" ">
      <subfield code="a">2019-12-06</subfield>
    </datafield>
    <datafield tag="520" ind1=" " ind2=" ">
      <subfield code="a">For more than half a century, geostatistics has been developed and has
        increasingly been used for modeling subsurface heterogeneity. Traditionally, geostatistical
        simulations are based on a random function model defined according to the specificities of
        the geological formation under investigation. Unlike traditional geostatistics,
        multiple-point (MP) geostatistics avoids the explicit definition of a random function but
        directly infers the necessary multivariate distributions from training images. This confers
        on MP geostatistics a potential applicability to any geological environment, provided that
        there is a training image representative of the geological heterogeneity and that the
        essential features of this training image can be characterized by statistics defined on a
        limited point configuration. This paper presents a comprehensive review of MP geostatistics.
        If the principle of MP geostatistics is straightforward and attractive, its industrial
        applicability largely depends on the implementation methods. The use of a search tree for
        storing MP statistics is a great step that made MP geostatistics actually applicable in
        industry. In the meantime, other methods such as multiple grids and image postprocessing are
        introduced and allow enhancing the reproduction of patterns observed in training images.
        Because of the sequential procedure, MP simulations can easily honor local hard data. There
        are methods available for constraining MP simulations to target global statistics (facies
        proportions) and also for integrating spatial auxiliary constraints that can tremendously
        improve the spatial features of MP simulations. Furthermore, both the gradual deformation
        method and the probability perturbation method are compatible with MP geostatistics and
        allow integrating hydrodynamic data into MP simulations. More recent developments of MP
        geostatistics include sequentially simulating patterns instead of points and using different
        geological scenarios (training images) for dynamic data inversion.</subfield>
    </datafield>
    <datafield tag="593" ind1=" " ind2=" ">
      <subfield code="a">PubAg article</subfield>
    </datafield>
    <datafield tag="650" ind1=" " ind2="3">
      <subfield code="a">multivariate analysis</subfield>
    </datafield>
    <datafield tag="650" ind1=" " ind2="3">
      <subfield code="a">simulation models</subfield>
    </datafield>
    <datafield tag="650" ind1=" " ind2="3">
      <subfield code="a">geostatistics</subfield>
    </datafield>
    <datafield tag="650" ind1=" " ind2="3">
      <subfield code="a">probabilistic models</subfield>
    </datafield>
    <datafield tag="653" ind1=" " ind2="0">
      <subfield code="a">literature reviews</subfield>
    </datafield>
    <datafield tag="653" ind1=" " ind2="0">
      <subfield code="a">subsurface layers</subfield>
    </datafield>
    <datafield tag="700" ind1="1" ind2=" ">
      <subfield code="a">Chugunova, T.</subfield>
    </datafield>
    <datafield tag="773" ind1="0" ind2=" ">
      <subfield code="t">Water resources research.</subfield>
      <subfield code="g">2008 Nov., v. 44, no. 11 p.W11413 (14 p-W11413 (14 p</subfield>
      <subfield code="d">American Geophysical Union.</subfield>
      <subfield code="w">Journal:jnl46306</subfield>
      <subfield code="x">0043-1397</subfield>
      <subfield code="7">nnas</subfield>
    </datafield>
    <datafield tag="787" ind1="1" ind2=" ">
      <subfield code="o">islandora_article_repository</subfield>
    </datafield>
    <datafield tag="787" ind1="1" ind2=" ">
      <subfield code="o">product_pubag</subfield>
    </datafield>
    <datafield tag="787" ind1="1" ind2=" ">
      <subfield code="o">(Journal)jnl46306</subfield>
    </datafield>
    <datafield tag="852" ind1=" " ind2=" ">
      <subfield code="a">DNAL</subfield>
    </datafield>
    <datafield tag="856" ind1="4" ind2="0">
      <subfield code="u">http://dx.doi.org/10.1029/2008WR006993</subfield>
      <subfield code="3">Available from publisher's Web site</subfield>
    </datafield>
    <datafield tag="856" ind1="4" ind2="0">
      <subfield code="u">http://dx.doi.org/10.1029/2008WR006993</subfield>
    </datafield>
    <datafield tag="912" ind1=" " ind2=" ">
      <subfield code="a">Article</subfield>
    </datafield>
    <datafield tag="914" ind1=" " ind2=" ">
      <subfield code="a">Journal:jnl46306</subfield>
      <subfield code="b">0043-1397</subfield>
      <subfield code="c">44</subfield>
      <subfield code="d">11</subfield>
      <subfield code="e">W11413 (14 p</subfield>
    </datafield>
    <datafield tag="914" ind1=" " ind2=" ">
      <subfield code="f">Water resources research</subfield>
    </datafield>
    <datafield tag="917" ind1=" " ind2=" ">
      <subfield code="a">issued</subfield>
    </datafield>
    <datafield tag="930" ind1=" " ind2=" ">
      <subfield code="a">20100522</subfield>
      <subfield code="b">20100605</subfield>
      <subfield code="c">00000000</subfield>
    </datafield>
    <datafield tag="935" ind1=" " ind2=" ">
      <subfield code="a">IND44368365</subfield>
      <subfield code="9">ExL</subfield>
    </datafield>
    <datafield tag="945" ind1=" " ind2=" ">
      <subfield code="a">IND</subfield>
      <subfield code="d">YLP</subfield>
      <subfield code="e">2010/05/21</subfield>
    </datafield>
    <datafield tag="946" ind1=" " ind2=" ">
      <subfield code="a">Other US</subfield>
    </datafield>
    <datafield tag="949" ind1=" " ind2=" ">
      <subfield code="a">2014-07-17</subfield>
    </datafield>
    <datafield tag="952" ind1=" " ind2=" ">
      <subfield code="a">20100522 20100605 00000000</subfield>
      <subfield code="b">IND YLP 2010/05/21</subfield>
    </datafield>
    <datafield tag="974" ind1=" " ind2=" ">
      <subfield code="a">agid:784148</subfield>
    </datafield>
    <datafield tag="984" ind1=" " ind2=" ">
      <subfield code="a">2018-06-18</subfield>
    </datafield>
    <datafield tag="985" ind1=" " ind2=" ">
      <subfield code="a">Converted from MARCXML to MODS version 3.4 using MARC21slim2MODS3-4.xsl
        (Revision 1.95 2014/04/23)</subfield>
    </datafield>
    <datafield tag="986" ind1=" " ind2=" ">
      <subfield code="a">4368365</subfield>
    </datafield>
  </record>