
  <record>
    <leader>04140nab a2200637 u 4500</leader>
    <controlfield tag="001">9916260274307426</controlfield>
    <controlfield tag="005">20221118032709.0</controlfield>
    <controlfield tag="008">051216e200512 xx |||||o|||||||||||eng||</controlfield>
    <datafield tag="016" ind1="7" ind2=" ">
      <subfield code="a">IND43767262</subfield>
      <subfield code="2">DNAL</subfield>
    </datafield>
    <datafield tag="024" ind1="7" ind2=" ">
      <subfield code="a">10.1111/j.1365-2745.2005.01047.x</subfield>
      <subfield code="2">doi</subfield>
    </datafield>
    <datafield tag="035" ind1=" " ind2=" ">
      <subfield code="a">agid:680283-01nal_inst</subfield>
    </datafield>
    <datafield tag="040" ind1=" " ind2=" ">
      <subfield code="a">AGL</subfield>
      <subfield code="b">eng</subfield>
      <subfield code="c">AGL</subfield>
    </datafield>
    <datafield tag="072" ind1=" " ind2="0">
      <subfield code="a">F300</subfield>
    </datafield>
    <datafield tag="072" ind1=" " ind2="0">
      <subfield code="a">K001</subfield>
    </datafield>
    <datafield tag="072" ind1=" " ind2="0">
      <subfield code="a">F600</subfield>
    </datafield>
    <datafield tag="100" ind1="1" ind2=" ">
      <subfield code="a">Gomez-Aparicio, L.</subfield>
    </datafield>
    <datafield tag="245" ind1="1" ind2="0">
      <subfield code="a">Microhabitats shift rank in suitability for seedling establishment
        depending on habitat type and climate</subfield>
    </datafield>
    <datafield tag="300" ind1=" " ind2=" ">
      <subfield code="a">p. 1194-1202.</subfield>
    </datafield>
    <datafield tag="500" ind1=" " ind2=" ">
      <subfield code="a">Includes references</subfield>
    </datafield>
    <datafield tag="520" ind1=" " ind2=" ">
      <subfield code="a">1. Spatial patterns of seedling establishment have been shown to be largely
        affected by differences at the microhabitat scale. However, it is far from clear whether
        such differences are consistent both in space and time, and how they influence the spatial
        structure of plant populations. 2. We analyse the spatiotemporal variability in microhabitat
        quality for seedling emergence and survival of the Mediterranean tree Acer opalus ssp.
        granatense, examining seedling dynamics at the microhabitat scale in two maple populations
        intermingled in pine forests and two established on stony slopes during three consecutive
        years with different climatic conditions. 3. Seedling establishment varied markedly between
        microhabitats. In general, seedlings benefited from the presence of pre-established
        vegetation, with lower emergence and survival of maple seedlings in open interspaces than
        under adult maples, non-conspecific trees and shrubs. 4. However, the quality of most
        microhabitats depended on both habitat type and year. Emergence and survival under adult
        maples, heterospecific trees and in open interspaces was higher in forest than in
        stony-slope populations, and increased significantly with summer rainfall. Shrubs, on the
        contrary, showed relatively high values of seedling emergence and survival at all sites and
        in both dry and wet years. Consequently, the benefits of living under shrubs were
        comparatively greater at lower precipitation levels. 5. The different microhabitats found in
        heterogeneous landscapes such as Mediterranean forests vary, over relatively large
        spatiotemporal scales, in quality for seedling establishment. Shrubs showed the highest
        consistency in patterns of both seedling emergence and survival. This finding, together with
        the predominance of dry years in Mediterranean areas, may explain why Acer opalus ssp.
        granatense has a stable spatial distribution at a geographical scale with most saplings
        associated with shrubs. Spatiotemporal patterns of seedling dynamics at the microhabitat
        scale may cascade through later demographic stages, eventually impacting the spatial
        structure of plant populations.</subfield>
    </datafield>
    <datafield tag="593" ind1=" " ind2=" ">
      <subfield code="a">PubAg article</subfield>
    </datafield>
    <datafield tag="650" ind1=" " ind2="3">
      <subfield code="a">Acer</subfield>
    </datafield>
    <datafield tag="650" ind1=" " ind2="3">
      <subfield code="a">forest trees</subfield>
    </datafield>
    <datafield tag="650" ind1=" " ind2="3">
      <subfield code="a">forest habitats</subfield>
    </datafield>
    <datafield tag="650" ind1=" " ind2="3">
      <subfield code="a">climatic factors</subfield>
    </datafield>
    <datafield tag="650" ind1=" " ind2="3">
      <subfield code="a">microhabitats</subfield>
    </datafield>
    <datafield tag="650" ind1=" " ind2="3">
      <subfield code="a">seedlings</subfield>
    </datafield>
    <datafield tag="650" ind1=" " ind2="3">
      <subfield code="a">plant establishment</subfield>
    </datafield>
    <datafield tag="650" ind1=" " ind2="3">
      <subfield code="a">seedling growth</subfield>
    </datafield>
    <datafield tag="650" ind1=" " ind2="3">
      <subfield code="a">spatial variation</subfield>
    </datafield>
    <datafield tag="650" ind1=" " ind2="3">
      <subfield code="a">temporal variation</subfield>
    </datafield>
    <datafield tag="650" ind1=" " ind2="3">
      <subfield code="a">tree mortality</subfield>
    </datafield>
    <datafield tag="651" ind1=" " ind2="3">
      <subfield code="a">Spain</subfield>
    </datafield>
    <datafield tag="653" ind1=" " ind2="0">
      <subfield code="a">Acer opalus ssp. granatense</subfield>
    </datafield>
    <datafield tag="700" ind1="1" ind2=" ">
      <subfield code="a">Gomez, J.M.</subfield>
    </datafield>
    <datafield tag="700" ind1="1" ind2=" ">
      <subfield code="a">Zamora, R.</subfield>
    </datafield>
    <datafield tag="773" ind1="0" ind2=" ">
      <subfield code="t">journal of ecology.</subfield>
      <subfield code="g">2005 Dec., v. 93, no. 6 p.1194-1202</subfield>
      <subfield code="d">Cambridge University Press</subfield>
      <subfield code="x">0022-0477</subfield>
      <subfield code="7">nnas</subfield>
    </datafield>
    <datafield tag="787" ind1="1" ind2=" ">
      <subfield code="o">islandora_article_repository</subfield>
    </datafield>
    <datafield tag="787" ind1="1" ind2=" ">
      <subfield code="o">product_pubag</subfield>
    </datafield>
    <datafield tag="787" ind1="1" ind2=" ">
      <subfield code="o">(Journal)jnl44660</subfield>
    </datafield>
    <datafield tag="852" ind1=" " ind2=" ">
      <subfield code="a">DNAL</subfield>
    </datafield>
    <datafield tag="856" ind1="4" ind2="0">
      <subfield code="u">http://dx.doi.org/10.1111/j.1365-2745.2005.01047.x</subfield>
      <subfield code="3">Available from publisher's Web site</subfield>
    </datafield>
    <datafield tag="912" ind1=" " ind2=" ">
      <subfield code="a">Article</subfield>
    </datafield>
    <datafield tag="914" ind1=" " ind2=" ">
      <subfield code="a">Journal:jnl44660</subfield>
      <subfield code="b">0022-0477</subfield>
      <subfield code="c">93</subfield>
      <subfield code="d">6</subfield>
      <subfield code="e">1194</subfield>
    </datafield>
    <datafield tag="914" ind1=" " ind2=" ">
      <subfield code="f">journal of ecology</subfield>
    </datafield>
    <datafield tag="917" ind1=" " ind2=" ">
      <subfield code="a">issued</subfield>
    </datafield>
    <datafield tag="930" ind1=" " ind2=" ">
      <subfield code="a">20110423</subfield>
      <subfield code="b">20110507</subfield>
      <subfield code="c">00000000</subfield>
    </datafield>
    <datafield tag="935" ind1=" " ind2=" ">
      <subfield code="a">IND43767262</subfield>
      <subfield code="9">ExL</subfield>
    </datafield>
    <datafield tag="945" ind1=" " ind2=" ">
      <subfield code="a">IND</subfield>
      <subfield code="d">2CT</subfield>
      <subfield code="e">2006/01/07</subfield>
    </datafield>
    <datafield tag="946" ind1=" " ind2=" ">
      <subfield code="a">Non-US</subfield>
    </datafield>
    <datafield tag="949" ind1=" " ind2=" ">
      <subfield code="a">2014-07-17</subfield>
    </datafield>
    <datafield tag="952" ind1=" " ind2=" ">
      <subfield code="a">20110423 20110507 00000000</subfield>
      <subfield code="b">IND 2CT 2006/01/07</subfield>
    </datafield>
    <datafield tag="974" ind1=" " ind2=" ">
      <subfield code="a">agid:680283</subfield>
    </datafield>
    <datafield tag="984" ind1=" " ind2=" ">
      <subfield code="a">2014-07-23</subfield>
    </datafield>
    <datafield tag="985" ind1=" " ind2=" ">
      <subfield code="a">Converted from MARCXML to MODS version 3.4 using MARC21slim2MODS3-4.xsl
        (Revision 1.95 2014/04/23)</subfield>
    </datafield>
    <datafield tag="986" ind1=" " ind2=" ">
      <subfield code="a">3767262</subfield>
    </datafield>
  </record>