
  <record>
    <leader>04116nab a2200649 u 4500</leader>
    <controlfield tag="001">9916261159907426</controlfield>
    <controlfield tag="005">20221118035121.0</controlfield>
    <controlfield tag="008">080418e200805 xx |||||o|||||||||||eng||</controlfield>
    <datafield tag="016" ind1="7" ind2=" ">
      <subfield code="a">IND44045640</subfield>
      <subfield code="2">DNAL</subfield>
    </datafield>
    <datafield tag="024" ind1="7" ind2=" ">
      <subfield code="a">10.1111/j.1365-2699.2007.01824.x</subfield>
      <subfield code="2">doi</subfield>
    </datafield>
    <datafield tag="035" ind1=" " ind2=" ">
      <subfield code="a">agid:2085644-01nal_inst</subfield>
    </datafield>
    <datafield tag="040" ind1=" " ind2=" ">
      <subfield code="a">AGL</subfield>
      <subfield code="b">eng</subfield>
      <subfield code="c">AGL</subfield>
    </datafield>
    <datafield tag="100" ind1="1" ind2=" ">
      <subfield code="a">Robertson, J.M.</subfield>
    </datafield>
    <datafield tag="245" ind1="1" ind2="0">
      <subfield code="a">Spatial and temporal patterns of phenotypic variation in a Neotropical
        frog</subfield>
    </datafield>
    <datafield tag="300" ind1=" " ind2=" ">
      <subfield code="a">p. 830-843.</subfield>
    </datafield>
    <datafield tag="520" ind1=" " ind2=" ">
      <subfield code="a">Studies of the spatial and temporal patterns of phenotypic diversity help
        to elucidate the fine-scale evolutionary and ecological mechanisms underlying geographical
        differentiation. The red-eyed tree frog, Agalychnis callidryas, is a widespread Neotropical
        frog that exhibits a broad range of polymorphism of coloration and flank-stripe pattern. The
        goal of this study was two-fold: first, to investigate the stability of polymorphisms over a
        38-year period; and second, to evaluate biogeographical hypotheses of diversification
        between lower Central American populations through quantification of phenotypic diversity on
        a fine geographical scale. This study was conducted at 12 sites across four biogeographical
        regions in Costa Rica and Panama. We quantified colour, categorized flank-stripe pattern
        from digital photos taken during field sampling, and measured body size for each individual.
        We compared the regional frequency of each flank-stripe pattern in 2005 with the frequency
        distribution from a previous study of the same sites in 1967 using logistic regression
        analyses. We determined the geographical signal of leg coloration by employing linear
        discriminant function analyses to generate a classification matrix based on covariance
        similarities, and by comparison of the average hue values within and between regions. We
        found a temporal shift in the frequency of flank-stripe patterns in three of four regions
        over 38 years. Based on measures of leg coloration, the frequency distribution of
        flank-stripe patterns and body size, we conclude that A. callidryas populations are easily
        distinguishable at a regional scale. Agalychnis callidryas exhibits regional differentiation
        in all phenotypic traits measured in this study, supporting the role of three major
        biogeographical barriers to gene exchange. We found evidence of a putative contact zone
        between polytypic regions in Costa Rica. In addition, we report temporal instability of the
        relative frequency of stripe patterns located on the flanks. The ecological and evolutionary
        mechanisms that may underlie this variation include sexual selection and avoidance of
        predators.</subfield>
    </datafield>
    <datafield tag="593" ind1=" " ind2=" ">
      <subfield code="a">PubAg article</subfield>
    </datafield>
    <datafield tag="650" ind1=" " ind2="3">
      <subfield code="a">Agalychnis callidryas</subfield>
    </datafield>
    <datafield tag="650" ind1=" " ind2="3">
      <subfield code="a">biogeography</subfield>
    </datafield>
    <datafield tag="650" ind1=" " ind2="3">
      <subfield code="a">body size</subfield>
    </datafield>
    <datafield tag="650" ind1=" " ind2="3">
      <subfield code="a">color</subfield>
    </datafield>
    <datafield tag="650" ind1=" " ind2="3">
      <subfield code="a">covariance</subfield>
    </datafield>
    <datafield tag="650" ind1=" " ind2="3">
      <subfield code="a">frogs</subfield>
    </datafield>
    <datafield tag="650" ind1=" " ind2="3">
      <subfield code="a">genes</subfield>
    </datafield>
    <datafield tag="650" ind1=" " ind2="3">
      <subfield code="a">phenotypic variation</subfield>
    </datafield>
    <datafield tag="650" ind1=" " ind2="3">
      <subfield code="a">predators</subfield>
    </datafield>
    <datafield tag="650" ind1=" " ind2="3">
      <subfield code="a">regression analysis</subfield>
    </datafield>
    <datafield tag="650" ind1=" " ind2="3">
      <subfield code="a">sexual selection</subfield>
    </datafield>
    <datafield tag="650" ind1=" " ind2="3">
      <subfield code="a">tropics</subfield>
    </datafield>
    <datafield tag="651" ind1=" " ind2="3">
      <subfield code="a">Costa Rica</subfield>
    </datafield>
    <datafield tag="651" ind1=" " ind2="3">
      <subfield code="a">Panama</subfield>
    </datafield>
    <datafield tag="653" ind1=" " ind2="0">
      <subfield code="a">Agalychnis</subfield>
    </datafield>
    <datafield tag="653" ind1=" " ind2="0">
      <subfield code="a">coloration</subfield>
    </datafield>
    <datafield tag="653" ind1=" " ind2="0">
      <subfield code="a">polytypic</subfield>
    </datafield>
    <datafield tag="653" ind1=" " ind2="0">
      <subfield code="a">temporal instability</subfield>
    </datafield>
    <datafield tag="700" ind1="1" ind2=" ">
      <subfield code="a">Robertson, A.D.</subfield>
    </datafield>
    <datafield tag="773" ind1="0" ind2=" ">
      <subfield code="t">Journal of biogeography.</subfield>
      <subfield code="g">2008 May, v. 35, no. 5 p.830-843</subfield>
      <subfield code="d">Oxford, UK : Blackwell Publishing Ltd</subfield>
      <subfield code="x">0305-0270</subfield>
      <subfield code="7">nnas</subfield>
    </datafield>
    <datafield tag="787" ind1="1" ind2=" ">
      <subfield code="o">islandora_article_repository</subfield>
    </datafield>
    <datafield tag="787" ind1="1" ind2=" ">
      <subfield code="o">product_pubag</subfield>
    </datafield>
    <datafield tag="787" ind1="1" ind2=" ">
      <subfield code="o">(Journal)jnl9765</subfield>
    </datafield>
    <datafield tag="852" ind1=" " ind2=" ">
      <subfield code="a">DNAL</subfield>
    </datafield>
    <datafield tag="856" ind1="4" ind2="0">
      <subfield code="u">http://dx.doi.org/10.1111/j.1365-2699.2007.01824.x</subfield>
      <subfield code="3">Available from publisher's Web site</subfield>
    </datafield>
    <datafield tag="912" ind1=" " ind2=" ">
      <subfield code="a">Article</subfield>
    </datafield>
    <datafield tag="914" ind1=" " ind2=" ">
      <subfield code="a">Journal:jnl9765</subfield>
    </datafield>
    <datafield tag="914" ind1=" " ind2=" ">
      <subfield code="f">Journal of biogeography</subfield>
    </datafield>
    <datafield tag="916" ind1=" " ind2=" ">
      <subfield code="a">Batch:1247</subfield>
    </datafield>
    <datafield tag="917" ind1=" " ind2=" ">
      <subfield code="a">issued</subfield>
    </datafield>
    <datafield tag="930" ind1=" " ind2=" ">
      <subfield code="a">20080418</subfield>
      <subfield code="b">20080502</subfield>
      <subfield code="c">00000000</subfield>
    </datafield>
    <datafield tag="935" ind1=" " ind2=" ">
      <subfield code="a">IND44045640</subfield>
      <subfield code="9">ExL</subfield>
    </datafield>
    <datafield tag="946" ind1=" " ind2=" ">
      <subfield code="a">Non-US</subfield>
    </datafield>
    <datafield tag="949" ind1=" " ind2=" ">
      <subfield code="a">2016-03-29</subfield>
    </datafield>
    <datafield tag="952" ind1=" " ind2=" ">
      <subfield code="a">20080418 20080502 00000000</subfield>
    </datafield>
    <datafield tag="962" ind1=" " ind2=" ">
      <subfield code="a">Batch:1247 reviewed on 2016-03-29T15:00:02Z</subfield>
    </datafield>
    <datafield tag="974" ind1=" " ind2=" ">
      <subfield code="a">agid:2085644</subfield>
    </datafield>
    <datafield tag="984" ind1=" " ind2=" ">
      <subfield code="a">2016-03-29</subfield>
    </datafield>
    <datafield tag="985" ind1=" " ind2=" ">
      <subfield code="a">Converted from MARCXML to MODS version 3.4 using MARC21slim2MODS3-4.xsl
        (Revision 1.95 2014/04/23)</subfield>
    </datafield>
    <datafield tag="986" ind1=" " ind2=" ">
      <subfield code="a">4045640</subfield>
    </datafield>
  </record>