
  <record>
    <leader>04735nab a2200709 u 4500</leader>
    <controlfield tag="001">9916261164407426</controlfield>
    <controlfield tag="005">20221118035155.0</controlfield>
    <controlfield tag="008">170626e201304 xx |||||o|||||||||||eng||</controlfield>
    <datafield tag="016" ind1="7" ind2=" ">
      <subfield code="a">IND605699066</subfield>
      <subfield code="2">DNAL</subfield>
    </datafield>
    <datafield tag="024" ind1="7" ind2=" ">
      <subfield code="a">10.1890/11-2136.1</subfield>
      <subfield code="2">doi</subfield>
    </datafield>
    <datafield tag="035" ind1=" " ind2=" ">
      <subfield code="a">agid:5699066-01nal_inst</subfield>
    </datafield>
    <datafield tag="040" ind1=" " ind2=" ">
      <subfield code="a">AGL</subfield>
      <subfield code="b">eng</subfield>
      <subfield code="c">AGL</subfield>
    </datafield>
    <datafield tag="100" ind1="1" ind2=" ">
      <subfield code="a">Roland, Carl A.</subfield>
      <subfield code="e">author</subfield>
      <subfield code="u">Denali National Park and Preserve and Central Alaska Network, National Park
        Service, 4175 Geist Road, Fairbanks, Alaska 99709 USA. carl_roland@nps.gov</subfield>
    </datafield>
    <datafield tag="245" ind1="1" ind2="0">
      <subfield code="a">Landscape‐scale patterns in tree occupancy and abundance in subarctic
        Alaska</subfield>
    </datafield>
    <datafield tag="300" ind1=" " ind2=" ">
      <subfield code="a">p. 19-48.</subfield>
    </datafield>
    <datafield tag="500" ind1=" " ind2=" ">
      <subfield code="a">JOURNAL ARTICLE</subfield>
    </datafield>
    <datafield tag="520" ind1=" " ind2=" ">
      <subfield code="a">Recent studies suggest that climate warming in interior Alaska may result
        in major shifts from spruce‐dominated forests to broadleaf‐dominated forests or even
        grasslands. To quantify patterns in tree distribution and abundance and to investigate the
        potential for changes in forest dynamics through time, we initiated a spatially extensive
        vegetation monitoring program covering 1.28 million ha in Denali National Park and Preserve
        (DNPP). Using a probabilistic sampling design, we collected field measurements throughout
        the study area to develop spatially explicit Bayesian hierarchical models of tree occupancy
        and abundance. These models demonstrated a strong partitioning of the landscape among the
        six tree species in DNPP, and allowed us to account for and examine residual spatial
        autocorrelation in our data. Tree distributions were governed by two primary ecological
        gradients: (1) the gradient from low elevation, poorly drained, permafrost‐influenced sites
        with shallow active layers and low soil pH (dominated by Picea mariana) to deeply thawed and
        more productive sites at mid‐elevation with higher soil pH on mineral substrate (dominated
        by Picea glauca); and (2) the gradient from older, less recently disturbed sites dominated
        by conifers to those recently affected by disturbance in the form of fire and flooding with
        increased occupancy and abundance of broadleaf species. We found that the establishment of
        broadleaf species was largely dependent on disturbance, and mixed forests and pure stands of
        broadleaf trees were relatively rare and occurred in localized areas. Contrary to recent
        work in nearby areas of interior Alaska, our results suggest that P. glauca distribution may
        actually increase in DNPP under warming conditions rather than decline as previously
        predicted, as P. glauca expands into areas formerly underlain by permafrost. We found no
        evidence of a shift to broadleaf forests in DNPP, particularly in the poorly drained basin
        landscape positions that may be resistant to such changes. Overall, our results indicate
        that probabilistic sampling conducted at a landscape scale can improve inference relative to
        the habitat associations driving the distribution and abundance of trees in the boreal
        forest and the potential effects of climate change on them.</subfield>
    </datafield>
    <datafield tag="592" ind1=" " ind2=" ">
      <subfield code="a">Publisher supplied data</subfield>
    </datafield>
    <datafield tag="593" ind1=" " ind2=" ">
      <subfield code="a">PubAg article</subfield>
    </datafield>
    <datafield tag="650" ind1=" " ind2="3">
      <subfield code="a">Bayesian theory</subfield>
    </datafield>
    <datafield tag="650" ind1=" " ind2="3">
      <subfield code="a">Picea glauca</subfield>
    </datafield>
    <datafield tag="650" ind1=" " ind2="3">
      <subfield code="a">Picea mariana</subfield>
    </datafield>
    <datafield tag="650" ind1=" " ind2="3">
      <subfield code="a">altitude</subfield>
    </datafield>
    <datafield tag="650" ind1=" " ind2="3">
      <subfield code="a">autocorrelation</subfield>
    </datafield>
    <datafield tag="650" ind1=" " ind2="3">
      <subfield code="a">basins</subfield>
    </datafield>
    <datafield tag="650" ind1=" " ind2="3">
      <subfield code="a">boreal forests</subfield>
    </datafield>
    <datafield tag="650" ind1=" " ind2="3">
      <subfield code="a">broadleaved trees</subfield>
    </datafield>
    <datafield tag="650" ind1=" " ind2="3">
      <subfield code="a">conifers</subfield>
    </datafield>
    <datafield tag="650" ind1=" " ind2="3">
      <subfield code="a">deciduous forests</subfield>
    </datafield>
    <datafield tag="650" ind1=" " ind2="3">
      <subfield code="a">forest dynamics</subfield>
    </datafield>
    <datafield tag="650" ind1=" " ind2="3">
      <subfield code="a">global warming</subfield>
    </datafield>
    <datafield tag="650" ind1=" " ind2="3">
      <subfield code="a">grasslands</subfield>
    </datafield>
    <datafield tag="650" ind1=" " ind2="3">
      <subfield code="a">habitats</subfield>
    </datafield>
    <datafield tag="650" ind1=" " ind2="3">
      <subfield code="a">landscapes</subfield>
    </datafield>
    <datafield tag="650" ind1=" " ind2="3">
      <subfield code="a">mixed forests</subfield>
    </datafield>
    <datafield tag="650" ind1=" " ind2="3">
      <subfield code="a">models</subfield>
    </datafield>
    <datafield tag="650" ind1=" " ind2="3">
      <subfield code="a">monitoring</subfield>
    </datafield>
    <datafield tag="650" ind1=" " ind2="3">
      <subfield code="a">national parks</subfield>
    </datafield>
    <datafield tag="650" ind1=" " ind2="3">
      <subfield code="a">permafrost</subfield>
    </datafield>
    <datafield tag="650" ind1=" " ind2="3">
      <subfield code="a">pure stands</subfield>
    </datafield>
    <datafield tag="650" ind1=" " ind2="3">
      <subfield code="a">soil pH</subfield>
    </datafield>
    <datafield tag="651" ind1=" " ind2="3">
      <subfield code="a">Alaska</subfield>
    </datafield>
    <datafield tag="700" ind1="1" ind2=" ">
      <subfield code="a">Schmidt, Joshua H.</subfield>
      <subfield code="e">author</subfield>
      <subfield code="u">Central Alaska Network, National Park Service, 4175 Geist Road, Fairbanks,
        Alaska 99709 USA</subfield>
    </datafield>
    <datafield tag="700" ind1="1" ind2=" ">
      <subfield code="a">Nicklen, E. Fleur</subfield>
      <subfield code="e">author</subfield>
      <subfield code="u">Central Alaska Network, National Park Service, 4175 Geist Road, Fairbanks,
        Alaska 99709 USA</subfield>
    </datafield>
    <datafield tag="773" ind1="0" ind2=" ">
      <subfield code="t">Ecological monographs.</subfield>
      <subfield code="g">2013 Apr., v. 83, no. 1 p.19-48</subfield>
      <subfield code="d">Ecological Society of America</subfield>
      <subfield code="x">0012-9615</subfield>
      <subfield code="7">nnas</subfield>
    </datafield>
    <datafield tag="787" ind1="1" ind2=" ">
      <subfield code="o">islandora_article_repository</subfield>
    </datafield>
    <datafield tag="787" ind1="1" ind2=" ">
      <subfield code="o">product_pubag</subfield>
    </datafield>
    <datafield tag="787" ind1="1" ind2=" ">
      <subfield code="o">(Journal)19342</subfield>
    </datafield>
    <datafield tag="856" ind1="4" ind2="0">
      <subfield code="u">http://dx.doi.org/10.1890/11-2136.1</subfield>
      <subfield code="3">Available from publisher's site</subfield>
    </datafield>
    <datafield tag="912" ind1=" " ind2=" ">
      <subfield code="a">Article</subfield>
    </datafield>
    <datafield tag="914" ind1=" " ind2=" ">
      <subfield code="a">Journal:19342</subfield>
      <subfield code="b">0012-9615</subfield>
      <subfield code="c">83</subfield>
      <subfield code="d">1</subfield>
      <subfield code="e">19</subfield>
    </datafield>
    <datafield tag="914" ind1=" " ind2=" ">
      <subfield code="f">Ecological monographs</subfield>
    </datafield>
    <datafield tag="916" ind1=" " ind2=" ">
      <subfield code="a">Batch:2277</subfield>
    </datafield>
    <datafield tag="917" ind1=" " ind2=" ">
      <subfield code="a">issued</subfield>
    </datafield>
    <datafield tag="918" ind1="2" ind2=" ">
      <subfield code="a">John Wiley &amp; Sons, Inc</subfield>
      <subfield code="e">provider</subfield>
      <subfield code="5">DNAL</subfield>
    </datafield>
    <datafield tag="935" ind1=" " ind2=" ">
      <subfield code="a">IND605699066</subfield>
      <subfield code="9">ExL</subfield>
    </datafield>
    <datafield tag="949" ind1=" " ind2=" ">
      <subfield code="a">2019-08-16</subfield>
    </datafield>
    <datafield tag="953" ind1=" " ind2=" ">
      <subfield code="a">00129615_2013_83_1.xml</subfield>
    </datafield>
    <datafield tag="962" ind1=" " ind2=" ">
      <subfield code="a">Batch:2277 reviewed on 2019-08-16T14:00:05Z</subfield>
    </datafield>
    <datafield tag="974" ind1=" " ind2=" ">
      <subfield code="a">agid:5699066</subfield>
    </datafield>
    <datafield tag="983" ind1=" " ind2=" ">
      <subfield code="a">2017-06-26</subfield>
    </datafield>
    <datafield tag="984" ind1=" " ind2=" ">
      <subfield code="a">2019-08-16</subfield>
    </datafield>
  </record>