
  <record>
    <leader>04566nab a2200721 u 4500</leader>
    <controlfield tag="001">9916261408407426</controlfield>
    <controlfield tag="005">20221118035142.0</controlfield>
    <controlfield tag="008">110320e201104 xx |||||o|||||||||||eng||</controlfield>
    <datafield tag="016" ind1="7" ind2=" ">
      <subfield code="a">IND44509715</subfield>
      <subfield code="2">DNAL</subfield>
    </datafield>
    <datafield tag="024" ind1="7" ind2=" ">
      <subfield code="a">10.1111/j.1365-2664.2010.01923.x</subfield>
      <subfield code="2">doi</subfield>
    </datafield>
    <datafield tag="035" ind1=" " ind2=" ">
      <subfield code="a">agid:452674-01nal_inst</subfield>
    </datafield>
    <datafield tag="040" ind1=" " ind2=" ">
      <subfield code="a">AGL</subfield>
      <subfield code="b">eng</subfield>
      <subfield code="c">AGL</subfield>
    </datafield>
    <datafield tag="100" ind1="1" ind2=" ">
      <subfield code="a">Edenius, Lars</subfield>
    </datafield>
    <datafield tag="245" ind1="1" ind2="4">
      <subfield code="a">The effects of changing land use and browsing on aspen abundance and
        regeneration: a 50-year perspective from Sweden</subfield>
    </datafield>
    <datafield tag="300" ind1=" " ind2=" ">
      <subfield code="a">p. 301-309.</subfield>
    </datafield>
    <datafield tag="500" ind1=" " ind2=" ">
      <subfield code="a">Includes references</subfield>
    </datafield>
    <datafield tag="500" ind1=" " ind2=" ">
      <subfield code="a">2019-12-06</subfield>
    </datafield>
    <datafield tag="520" ind1=" " ind2=" ">
      <subfield code="a">1. Management of trees with high conservation value under altered land use
        is challenging. This applies to European aspen Populus tremula, a keystone tree species for
        species conservation in northern forests. Fire suppression in managed forest has reduced
        niches for sexual regeneration in aspen while levels of browsing have increased with
        increasing numbers of ungulate herbivores. 2. We combined observational and experimental
        data from 1953 to 2007 to unravel patterns and causes of changes in aspen abundance in
        Sweden, the country with the largest forests in the EU. The density of small-sized aspen
        ramets showed a peak in the early 1970s, followed by a marked decrease. Numbers of moose
        Alces alces, the most important browser on aspen, showed a similar temporal pattern, but
        moose numbers peaked 10 years later than aspen. During the same time period, the volume of
        aspen doubled. 3. The changes in aspen abundance correlate to large-scale changes in
        forestry including the introduction of clear-cutting practices and extensive clearing of
        aspen, and cessation of forest livestock grazing and abandonment of marginal farmland. 4.
        Using exclosures, and controlling for time since disturbance and regeneration status, we
        monitored aspen demographics for 5 years in an aspen rich landscape. There was an eightfold
        increase in recruitment rate of established ramets to a height safe from browsing (&gt;3 m)
        in fenced plots. However, the finite rate of increase, λ, derived from a transition matrix
        model, was consistently below 1, i.e. the aspen growth rate was negative with or without
        browsing. This was associated with a decrease in sprouting rate over time. 5. Synthesis and
        applications. Our results suggest that changes in land use practices are the main cause of
        changes in aspen abundance at regional and national scales in Sweden during the last 50
        years. Restoring regeneration niches, most importantly emulating natural disturbance
        processes, viz. fire at various spatial scales, and retaining aspen in cleaning and
        pre-commercial thinnings are the most important management recommendations to secure
        regeneration of aspen. Protecting established aspen ramets at designated sites from browsing
        either by fencing or reducing ungulate numbers could be used as complementary management
        tools.</subfield>
    </datafield>
    <datafield tag="593" ind1=" " ind2=" ">
      <subfield code="a">PubAg article</subfield>
    </datafield>
    <datafield tag="650" ind1=" " ind2="3">
      <subfield code="a">land use change</subfield>
    </datafield>
    <datafield tag="650" ind1=" " ind2="3">
      <subfield code="a">ungulates</subfield>
    </datafield>
    <datafield tag="650" ind1=" " ind2="3">
      <subfield code="a">forests</subfield>
    </datafield>
    <datafield tag="650" ind1=" " ind2="3">
      <subfield code="a">sprouting</subfield>
    </datafield>
    <datafield tag="650" ind1=" " ind2="3">
      <subfield code="a">agricultural land</subfield>
    </datafield>
    <datafield tag="650" ind1=" " ind2="3">
      <subfield code="a">grazing</subfield>
    </datafield>
    <datafield tag="650" ind1=" " ind2="3">
      <subfield code="a">niches</subfield>
    </datafield>
    <datafield tag="650" ind1=" " ind2="3">
      <subfield code="a">models</subfield>
    </datafield>
    <datafield tag="650" ind1=" " ind2="3">
      <subfield code="a">fire suppression</subfield>
    </datafield>
    <datafield tag="650" ind1=" " ind2="3">
      <subfield code="a">herbivores</subfield>
    </datafield>
    <datafield tag="650" ind1=" " ind2="3">
      <subfield code="a">livestock</subfield>
    </datafield>
    <datafield tag="650" ind1=" " ind2="3">
      <subfield code="a">trees</subfield>
    </datafield>
    <datafield tag="650" ind1=" " ind2="3">
      <subfield code="a">Alces alces</subfield>
    </datafield>
    <datafield tag="650" ind1=" " ind2="3">
      <subfield code="a">Populus tremula</subfield>
    </datafield>
    <datafield tag="650" ind1=" " ind2="3">
      <subfield code="a">demographic statistics</subfield>
    </datafield>
    <datafield tag="650" ind1=" " ind2="3">
      <subfield code="a">browsing</subfield>
    </datafield>
    <datafield tag="650" ind1=" " ind2="3">
      <subfield code="a">clearcutting</subfield>
    </datafield>
    <datafield tag="651" ind1=" " ind2="3">
      <subfield code="a">Sweden</subfield>
    </datafield>
    <datafield tag="653" ind1=" " ind2="0">
      <subfield code="a">recruitment</subfield>
    </datafield>
    <datafield tag="700" ind1="1" ind2=" ">
      <subfield code="a">Ericsson, Göran</subfield>
    </datafield>
    <datafield tag="700" ind1="1" ind2=" ">
      <subfield code="a">Kempe, Göran</subfield>
    </datafield>
    <datafield tag="700" ind1="1" ind2=" ">
      <subfield code="a">Bergström, Roger</subfield>
    </datafield>
    <datafield tag="700" ind1="1" ind2=" ">
      <subfield code="a">Danell, Kjell</subfield>
    </datafield>
    <datafield tag="773" ind1="0" ind2=" ">
      <subfield code="t">Journal of applied ecology.</subfield>
      <subfield code="g">2011 Apr., v. 48, no. 2 p.301-309</subfield>
      <subfield code="d">Blackwell Publishing Ltd</subfield>
      <subfield code="x">0021-8901</subfield>
      <subfield code="7">nnas</subfield>
    </datafield>
    <datafield tag="787" ind1="1" ind2=" ">
      <subfield code="o">islandora_article_repository</subfield>
    </datafield>
    <datafield tag="787" ind1="1" ind2=" ">
      <subfield code="o">product_pubag</subfield>
    </datafield>
    <datafield tag="787" ind1="1" ind2=" ">
      <subfield code="o">(Journal)jnl57298</subfield>
    </datafield>
    <datafield tag="852" ind1=" " ind2=" ">
      <subfield code="a">DNAL</subfield>
    </datafield>
    <datafield tag="856" ind1="4" ind2="0">
      <subfield code="u">http://dx.doi.org/10.1111/j.1365-2664.2010.01923.x</subfield>
    </datafield>
    <datafield tag="912" ind1=" " ind2=" ">
      <subfield code="a">Article</subfield>
    </datafield>
    <datafield tag="914" ind1=" " ind2=" ">
      <subfield code="a">Journal:jnl57298</subfield>
      <subfield code="b">0021-8901</subfield>
      <subfield code="c">48</subfield>
      <subfield code="d">2</subfield>
      <subfield code="e">301</subfield>
    </datafield>
    <datafield tag="914" ind1=" " ind2=" ">
      <subfield code="f">Journal of applied ecology</subfield>
    </datafield>
    <datafield tag="917" ind1=" " ind2=" ">
      <subfield code="a">issued</subfield>
    </datafield>
    <datafield tag="935" ind1=" " ind2=" ">
      <subfield code="a">IND44509715</subfield>
      <subfield code="9">ExL</subfield>
    </datafield>
    <datafield tag="949" ind1=" " ind2=" ">
      <subfield code="a">2014-01-27</subfield>
    </datafield>
    <datafield tag="962" ind1=" " ind2=" ">
      <subfield code="a">Journal ISSN is 1365-2664</subfield>
    </datafield>
    <datafield tag="962" ind1=" " ind2=" ">
      <subfield code="a">Journal title changed from 'Journal of applied ecology'</subfield>
    </datafield>
    <datafield tag="962" ind1=" " ind2=" ">
      <subfield code="a">Batch:418 annotated on 2014-01-13T14:40:54Z</subfield>
    </datafield>
    <datafield tag="962" ind1=" " ind2=" ">
      <subfield code="a">Batch:418 reviewed on 2014-01-23T16:00:02Z</subfield>
    </datafield>
    <datafield tag="962" ind1=" " ind2=" ">
      <subfield code="a">Batch:418 reviewed on 2014-01-27T04:00:03Z</subfield>
    </datafield>
    <datafield tag="974" ind1=" " ind2=" ">
      <subfield code="a">agid:452674</subfield>
    </datafield>
    <datafield tag="984" ind1=" " ind2=" ">
      <subfield code="a">2011-03-21</subfield>
    </datafield>
    <datafield tag="985" ind1=" " ind2=" ">
      <subfield code="a">Converted from MARCXML to MODS version 3.4 using MARC21slim2MODS3-4.xsl
        (Revision 1.77 2012/03/23)</subfield>
    </datafield>
    <datafield tag="986" ind1=" " ind2=" ">
      <subfield code="a">4509715</subfield>
    </datafield>
  </record>