
  <record>
    <leader>03414nab a2200517 u 4500</leader>
    <controlfield tag="001">9916261634307426</controlfield>
    <controlfield tag="005">20221118040514.0</controlfield>
    <controlfield tag="008">990506e199811 cou|||||o|||||||||||eng||</controlfield>
    <datafield tag="016" ind1="7" ind2=" ">
      <subfield code="a">IND21985609</subfield>
      <subfield code="2">DNAL</subfield>
    </datafield>
    <datafield tag="035" ind1=" " ind2=" ">
      <subfield code="a">agid:3190004-01nal_inst</subfield>
    </datafield>
    <datafield tag="040" ind1=" " ind2=" ">
      <subfield code="a">AGL</subfield>
      <subfield code="b">eng</subfield>
      <subfield code="c">AGL</subfield>
    </datafield>
    <datafield tag="100" ind1="1" ind2=" ">
      <subfield code="a">Dussart, E.</subfield>
    </datafield>
    <datafield tag="245" ind1="1" ind2="0">
      <subfield code="a">Long term dynamics of 2 populations of Prosopis caldenia Burkart</subfield>
    </datafield>
    <datafield tag="300" ind1=" " ind2=" ">
      <subfield code="a">p. 685-691.</subfield>
    </datafield>
    <datafield tag="500" ind1=" " ind2=" ">
      <subfield code="a">Summary in Spanish.</subfield>
    </datafield>
    <datafield tag="520" ind1=" " ind2=" ">
      <subfield code="a">Invasion of pristine grasslands by calden (Prosopis caldenia Burkart), and
        increased densities of this species in savannas are well-known vegetation changes in the
        semiarid region of central Argentina although little is known about its rates and patterns.
        In this paper we studied the relationship between dynamics of 2 representative P. caldenia
        populations and factors that could control the invasion process such as range management,
        fire events and precipitation regimes. Rates of implantation and spatial patterns are
        quantified using the present age distribution and dendroecological techniques. The pristine
        landscapes of the 2 study sites were grassland plains with (Site 2) and without trees (Site
        1). The present density of the calden is 586 and 1,259 shrubs/ha in Site 1 and 2,
        respectively. No evidence of clustering was found at the spatial scale of the study (p =
        0.52, Site 1 and p = 0.08, Site 2 for n = 112). The ages of sampled individuals ranged from
        3 to 65 years in site 1 and 8 to 55 years in Site 2 (only trees with diameter lower than 30
        cm were sampled in Site 2). The importance of cattle as an effective disperser of calden
        seeds was confirmed, as changes in measured establishment rates coincided fairly well with
        changes in cattle management. Establishment rates during the period of sheep grazing were
        0.99 plant/ha/yr (16 years) in Site 1 and 10 plant/ha/yr (15 years) in Site 2. However, 10
        years after the introduction of cattle these values reach 12.7 plant/ha/yr and 48.5
        plant/ha/yr, respectively. One fire event occurred at each site (1980 in Site 1 and 1964 at
        Site 2). This factor did not change the density trend at Site 1, and at Site 2 it coincided
        with cattle introduction and caused an impressive increase in tree establishment. Fire was
        not an effective means of controlling P. caldenia populations. No relationship was found
        between population dynamics and available precipitation data.</subfield>
    </datafield>
    <datafield tag="650" ind1=" " ind2="3">
      <subfield code="a">Prosopis</subfield>
    </datafield>
    <datafield tag="650" ind1=" " ind2="3">
      <subfield code="a">sheep</subfield>
    </datafield>
    <datafield tag="650" ind1=" " ind2="3">
      <subfield code="a">shrubs</subfield>
    </datafield>
    <datafield tag="650" ind1=" " ind2="3">
      <subfield code="a">cattle</subfield>
    </datafield>
    <datafield tag="650" ind1=" " ind2="3">
      <subfield code="a">grazing</subfield>
    </datafield>
    <datafield tag="650" ind1=" " ind2="3">
      <subfield code="a">landscape ecology</subfield>
    </datafield>
    <datafield tag="650" ind1=" " ind2="3">
      <subfield code="a">rain</subfield>
    </datafield>
    <datafield tag="650" ind1=" " ind2="3">
      <subfield code="a">ecological succession</subfield>
    </datafield>
    <datafield tag="650" ind1=" " ind2="3">
      <subfield code="a">population dynamics</subfield>
    </datafield>
    <datafield tag="651" ind1=" " ind2="3">
      <subfield code="a">Argentina</subfield>
    </datafield>
    <datafield tag="653" ind1=" " ind2="0">
      <subfield code="a">savanna woodlands</subfield>
    </datafield>
    <datafield tag="700" ind1="1" ind2=" ">
      <subfield code="a">Lerner, P.</subfield>
    </datafield>
    <datafield tag="700" ind1="1" ind2=" ">
      <subfield code="a">Peinetti, R.</subfield>
    </datafield>
    <datafield tag="773" ind1="0" ind2=" ">
      <subfield code="t">Journal of range management.</subfield>
      <subfield code="g">1998 Nov., v. 51, no. 6 p.685-691</subfield>
      <subfield code="x">0022-409X</subfield>
      <subfield code="7">nnas</subfield>
    </datafield>
    <datafield tag="787" ind1="1" ind2=" ">
      <subfield code="o">islandora_article_repository</subfield>
    </datafield>
    <datafield tag="787" ind1="1" ind2=" ">
      <subfield code="o">(Journal)jnl4416866</subfield>
    </datafield>
    <datafield tag="852" ind1=" " ind2=" ">
      <subfield code="a">DNAL</subfield>
    </datafield>
    <datafield tag="912" ind1=" " ind2=" ">
      <subfield code="a">Article</subfield>
    </datafield>
    <datafield tag="914" ind1=" " ind2=" ">
      <subfield code="a">Journal:jnl4416866</subfield>
    </datafield>
    <datafield tag="914" ind1=" " ind2=" ">
      <subfield code="f">J. range manage</subfield>
    </datafield>
    <datafield tag="917" ind1=" " ind2=" ">
      <subfield code="a">issued</subfield>
    </datafield>
    <datafield tag="930" ind1=" " ind2=" ">
      <subfield code="a">19990531</subfield>
      <subfield code="b">19990608</subfield>
      <subfield code="c">00000000</subfield>
    </datafield>
    <datafield tag="935" ind1=" " ind2=" ">
      <subfield code="a">IND21985609</subfield>
      <subfield code="9">ExL</subfield>
    </datafield>
    <datafield tag="945" ind1=" " ind2=" ">
      <subfield code="a">IND</subfield>
      <subfield code="d">JIT</subfield>
    </datafield>
    <datafield tag="946" ind1=" " ind2=" ">
      <subfield code="a">Other US</subfield>
    </datafield>
    <datafield tag="952" ind1=" " ind2=" ">
      <subfield code="a">19990531 19990608 00000000</subfield>
      <subfield code="b">IND JIT </subfield>
    </datafield>
    <datafield tag="974" ind1=" " ind2=" ">
      <subfield code="a">agid:3190004</subfield>
    </datafield>
    <datafield tag="984" ind1=" " ind2=" ">
      <subfield code="a">2014-12-25</subfield>
    </datafield>
    <datafield tag="985" ind1=" " ind2=" ">
      <subfield code="a">Converted from MARCXML to MODS version 3.4 using MARC21slim2MODS3-4.xsl
        (Revision 1.95 2014/04/23)</subfield>
    </datafield>
    <datafield tag="986" ind1=" " ind2=" ">
      <subfield code="a">3021338</subfield>
    </datafield>
  </record>