
  <record>
    <leader>05610nab a2200721 u 4500</leader>
    <controlfield tag="001">9916262281307426</controlfield>
    <controlfield tag="005">20221118041923.0</controlfield>
    <controlfield tag="008">200804e20200915xx |||||o|||||||||||eng||</controlfield>
    <datafield tag="016" ind1="7" ind2=" ">
      <subfield code="a">IND606983454</subfield>
      <subfield code="2">DNAL</subfield>
    </datafield>
    <datafield tag="024" ind1="7" ind2=" ">
      <subfield code="a">10.1016/j.agrformet.2020.108066</subfield>
      <subfield code="2">doi</subfield>
    </datafield>
    <datafield tag="035" ind1=" " ind2=" ">
      <subfield code="a">agid:6983454-01nal_inst</subfield>
    </datafield>
    <datafield tag="040" ind1=" " ind2=" ">
      <subfield code="a">AGL</subfield>
      <subfield code="b">eng</subfield>
      <subfield code="c">AGL</subfield>
    </datafield>
    <datafield tag="100" ind1="1" ind2=" ">
      <subfield code="a">Thom, Dominik</subfield>
      <subfield code="e">author</subfield>
      <subfield code="u">Ecosystem Dynamics and Forest Management Group, School of Life Sciences,
        Technical University of Munich, Hans-Carl-von-Carlowitz-Platz 2, 85354 Freising,
        Germany</subfield>
      <subfield code="1">https://orcid.org/0000-0001-8091-6075</subfield>
    </datafield>
    <datafield tag="245" ind1="1" ind2="0">
      <subfield code="a">Effects of disturbance patterns and deadwood on the microclimate in
        European beech forests</subfield>
    </datafield>
    <datafield tag="500" ind1=" " ind2=" ">
      <subfield code="a">NAL-AP-2-clean</subfield>
    </datafield>
    <datafield tag="520" ind1=" " ind2=" ">
      <subfield code="a">More frequent and severe disturbances increasingly open the forest canopy
        and initiate tree regeneration. Simultaneously, increasing weather extremes, such as drought
        and heat, are threatening species adapted to cool and moist climate. The magnitude of the
        microclimatic buffering capacity of forest canopies to mitigate hot and dry weather
        conditions and its disturbance-induced reduction remains poorly quantified. Also, the
        influence of disturbance legacies (e.g., deadwood) on forest microclimate is unresolved. In
        a unique manipulation experiment we investigated (i) the microclimatic buffering capacity of
        forest canopies in years with different climatic conditions; (ii) the impacts of spatial
        disturbance patterns on surface light and microclimate; and (iii) the effect of deadwood
        presence and type on microclimate.Treatments included two disturbance patterns (i.e.,
        aggregated and distributed), four deadwood types (i.e., standing, downed, standing and
        downed, removed), and one untreated control (i.e., nine treatments in total), replicated at
        five sites dominated by European beech (Fagus sylvatica L.) in southeastern Germany. We
        measured forest floor light conditions and derived diurnal extremes and variation in
        temperature (T) and vapor pressure deficit (VPD) during four consecutive summer seasons
        (2016 – 2019).The buffering capacity of intact forest canopies was higher in warm and dry
        years. Surface light was significantly higher in spatially aggregated disturbance gaps
        compared to distributed disturbances of similar severity. An increase in surface light by 10
        % relative to closed canopies elevated Tₘₐₓ and VPDₘₐₓ by 0.42°C and 0.04 kPa, respectively.
        Deadwood presence and type did not affect the forest microclimate
        significantly.Microclimatic buffering under forest canopies can dampen the effects of
        climate change. However, increasing canopy disturbances result in more light penetrating the
        canopy, reducing the microclimatic buffering capacity of forests. We conclude that forest
        management should foster microclimatic buffering in forests as one element of a
        multi-pronged strategy to counter climate change.</subfield>
    </datafield>
    <datafield tag="592" ind1=" " ind2=" ">
      <subfield code="a">Publisher supplied data</subfield>
    </datafield>
    <datafield tag="593" ind1=" " ind2=" ">
      <subfield code="a">PubAg article</subfield>
    </datafield>
    <datafield tag="650" ind1=" " ind2="3">
      <subfield code="a">Fagus sylvatica subsp. sylvatica</subfield>
    </datafield>
    <datafield tag="650" ind1=" " ind2="3">
      <subfield code="a">climate change</subfield>
    </datafield>
    <datafield tag="650" ind1=" " ind2="3">
      <subfield code="a">dead wood</subfield>
    </datafield>
    <datafield tag="650" ind1=" " ind2="3">
      <subfield code="a">drought</subfield>
    </datafield>
    <datafield tag="650" ind1=" " ind2="3">
      <subfield code="a">forest canopy</subfield>
    </datafield>
    <datafield tag="650" ind1=" " ind2="3">
      <subfield code="a">forest litter</subfield>
    </datafield>
    <datafield tag="650" ind1=" " ind2="3">
      <subfield code="a">forest management</subfield>
    </datafield>
    <datafield tag="650" ind1=" " ind2="3">
      <subfield code="a">forests</subfield>
    </datafield>
    <datafield tag="650" ind1=" " ind2="3">
      <subfield code="a">heat</subfield>
    </datafield>
    <datafield tag="650" ind1=" " ind2="3">
      <subfield code="a">meteorology</subfield>
    </datafield>
    <datafield tag="650" ind1=" " ind2="3">
      <subfield code="a">microclimate</subfield>
    </datafield>
    <datafield tag="650" ind1=" " ind2="3">
      <subfield code="a">summer</subfield>
    </datafield>
    <datafield tag="650" ind1=" " ind2="3">
      <subfield code="a">temperature</subfield>
    </datafield>
    <datafield tag="650" ind1=" " ind2="3">
      <subfield code="a">trees</subfield>
    </datafield>
    <datafield tag="650" ind1=" " ind2="3">
      <subfield code="a">vapor pressure deficit</subfield>
    </datafield>
    <datafield tag="651" ind1=" " ind2="3">
      <subfield code="a">Germany</subfield>
    </datafield>
    <datafield tag="653" ind1=" " ind2="0">
      <subfield code="a">Adaptive forest management</subfield>
    </datafield>
    <datafield tag="653" ind1=" " ind2="0">
      <subfield code="a">Deadwood</subfield>
    </datafield>
    <datafield tag="653" ind1=" " ind2="0">
      <subfield code="a">Disturbance patterns</subfield>
    </datafield>
    <datafield tag="653" ind1=" " ind2="0">
      <subfield code="a">Evaporative cooling</subfield>
    </datafield>
    <datafield tag="653" ind1=" " ind2="0">
      <subfield code="a">Latent heat</subfield>
    </datafield>
    <datafield tag="700" ind1="1" ind2=" ">
      <subfield code="a">Sommerfeld, Andreas</subfield>
      <subfield code="e">author</subfield>
      <subfield code="u">Institute of Silviculture, Department of Forest- and Soil Sciences,
        University of Natural Resources and Life Sciences (BOKU) Vienna, Peter-Jordan-Straße 82,
        1190 Vienna, Austria</subfield>
    </datafield>
    <datafield tag="700" ind1="1" ind2=" ">
      <subfield code="a">Sebald, Julius</subfield>
      <subfield code="e">author</subfield>
      <subfield code="u">Ecosystem Dynamics and Forest Management Group, School of Life Sciences,
        Technical University of Munich, Hans-Carl-von-Carlowitz-Platz 2, 85354 Freising,
        Germany</subfield>
    </datafield>
    <datafield tag="700" ind1="1" ind2=" ">
      <subfield code="a">Hagge, Jonas</subfield>
      <subfield code="e">author</subfield>
      <subfield code="u">Forest Nature Conservation, Faculty of Forest Sciences,
        Georg-August-University Göttingen, Büsgenweg 3, 37077 Göttingen, Germany</subfield>
      <subfield code="1">https://orcid.org/0000-0001-8938-6680</subfield>
    </datafield>
    <datafield tag="700" ind1="1" ind2=" ">
      <subfield code="a">Müller, Jörg</subfield>
      <subfield code="e">author</subfield>
      <subfield code="u">Ecological Field Station Fabrikschleichach, Department of Animal Ecology
        and Tropical Biology, University of Würzburg, Glashüttenstraße 5, 96181 Rauhenebrach,
        Germany</subfield>
    </datafield>
    <datafield tag="700" ind1="1" ind2=" ">
      <subfield code="a">Seidl, Rupert</subfield>
      <subfield code="e">author</subfield>
      <subfield code="u">Ecosystem Dynamics and Forest Management Group, School of Life Sciences,
        Technical University of Munich, Hans-Carl-von-Carlowitz-Platz 2, 85354 Freising,
        Germany</subfield>
    </datafield>
    <datafield tag="773" ind1="0" ind2=" ">
      <subfield code="t">Agricultural and forest meteorology.</subfield>
      <subfield code="g">2020 Sept. 15, v. 291 p.108066-</subfield>
      <subfield code="d">Elsevier B.V.</subfield>
      <subfield code="w">Journal:jnl43250</subfield>
      <subfield code="x">0168-1923</subfield>
      <subfield code="7">nnas</subfield>
    </datafield>
    <datafield tag="787" ind1="1" ind2=" ">
      <subfield code="o">islandora_article_repository</subfield>
    </datafield>
    <datafield tag="787" ind1="1" ind2=" ">
      <subfield code="o">product_pubag</subfield>
    </datafield>
    <datafield tag="787" ind1="1" ind2=" ">
      <subfield code="o">(Journal)jnl43250</subfield>
    </datafield>
    <datafield tag="856" ind1="4" ind2="0">
      <subfield code="u">https://dx.doi.org/10.1016/j.agrformet.2020.108066</subfield>
      <subfield code="3">Available from publisher's site</subfield>
    </datafield>
    <datafield tag="912" ind1=" " ind2=" ">
      <subfield code="a">Article</subfield>
    </datafield>
    <datafield tag="914" ind1=" " ind2=" ">
      <subfield code="a">Journal:jnl43250</subfield>
      <subfield code="b">0168-1923</subfield>
      <subfield code="c">291</subfield>
      <subfield code="e">108066</subfield>
    </datafield>
    <datafield tag="914" ind1=" " ind2=" ">
      <subfield code="f">Agricultural and forest meteorology</subfield>
    </datafield>
    <datafield tag="916" ind1=" " ind2=" ">
      <subfield code="a">Batch:10117</subfield>
    </datafield>
    <datafield tag="917" ind1=" " ind2=" ">
      <subfield code="a">issued</subfield>
    </datafield>
    <datafield tag="918" ind1="2" ind2=" ">
      <subfield code="a">Elsevier Consyn</subfield>
      <subfield code="e">provider</subfield>
      <subfield code="5">DNAL</subfield>
    </datafield>
    <datafield tag="935" ind1=" " ind2=" ">
      <subfield code="a">IND606983454</subfield>
      <subfield code="9">ExL</subfield>
    </datafield>
    <datafield tag="949" ind1=" " ind2=" ">
      <subfield code="a">2021-08-30</subfield>
    </datafield>
    <datafield tag="953" ind1=" " ind2=" ">
      <subfield code="a">/data/metadata/incoming/consyn/136918155820036786-00002-HEAD-ONLY-NEW
        CONSYN ISSNS.zip</subfield>
    </datafield>
    <datafield tag="954" ind1=" " ind2=" ">
      <subfield code="a">file:/data/metadata/staging/consyn/S0168192320301684.xml</subfield>
    </datafield>
    <datafield tag="955" ind1=" " ind2=" ">
      <subfield code="a">/data/metadata/staging/consyn/</subfield>
    </datafield>
    <datafield tag="974" ind1=" " ind2=" ">
      <subfield code="a">agid:6983454</subfield>
    </datafield>
    <datafield tag="983" ind1=" " ind2=" ">
      <subfield code="a">2020-08-04</subfield>
    </datafield>
    <datafield tag="984" ind1=" " ind2=" ">
      <subfield code="a">2021-08-30</subfield>
    </datafield>
  </record>