
  <record>
    <leader>04143nab a2200589 u 4500</leader>
    <controlfield tag="001">9916262374207426</controlfield>
    <controlfield tag="005">20221118042203.0</controlfield>
    <controlfield tag="008">120921e201206 xx |||||o|||||||||||eng||</controlfield>
    <datafield tag="016" ind1="7" ind2=" ">
      <subfield code="a">IND44856537</subfield>
      <subfield code="2">DNAL</subfield>
    </datafield>
    <datafield tag="024" ind1="7" ind2=" ">
      <subfield code="a">10.1007/s13199-012-0179-x</subfield>
      <subfield code="2">doi</subfield>
    </datafield>
    <datafield tag="035" ind1=" " ind2=" ">
      <subfield code="a">agid:79104-01nal_inst</subfield>
    </datafield>
    <datafield tag="040" ind1=" " ind2=" ">
      <subfield code="a">AGL</subfield>
      <subfield code="b">eng</subfield>
      <subfield code="c">AGL</subfield>
    </datafield>
    <datafield tag="100" ind1="1" ind2=" ">
      <subfield code="a">O’Hanlon, Richard</subfield>
      <subfield code="e">author</subfield>
      <subfield code="u">World Forestry Centre, 4033 SW Canyon road, Portland, OR, 97221, USA,
        publications@rohanlon.org</subfield>
    </datafield>
    <datafield tag="245" ind1="1" ind2="0">
      <subfield code="a">Below-ground ectomycorrhizal communities: the effect of small scale spatial
        and short term temporal variation</subfield>
    </datafield>
    <datafield tag="300" ind1=" " ind2=" ">
      <subfield code="a">p. 57-71.</subfield>
    </datafield>
    <datafield tag="520" ind1=" " ind2=" ">
      <subfield code="a">Ectomycorrhizal (ECM) associations are an important form of symbiosis for
        the majority of tree species. In forest ecosystems where nutrients are often limited, ECM
        associations are vital for seedling establishment and tree survival. ECM communities are
        often very species rich and frequently follow the log normal distribution—with a few species
        being abundant and many species being rare. Much of the current knowledge of ECM communities
        has been revealed through a combination of above-ground sporocarp and below-ground root tip
        analyses. However, above-ground surveys of ECM communities reveal largely different findings
        regarding ECM diversity and community structure to below-ground surveys. Therefore
        below-ground surveys are vital to our understanding of ECM biology, ecology and community
        dynamics. In this article I review the recent findings regarding how ECM communities vary
        both spatially and temporally in forests. Spatial variation occurs at the centimetre scale
        both horizontally and vertically in forests, and can be explained by the separation of the
        ECM community into distinct niches. Temporal variation occurs over relatively short time
        scales, with ECM communities showing large changes even on a monthly basis. I then apply the
        niche concept to ECM fungi, and review a recent theory, ECM functional morphology, and
        examine how this may be used to explain a significant amount of spatial and temporal
        variation in forest ECM communities. The functional morphology theory is particularly useful
        in explaining patterns of ECM community variation across the distinct successional stages of
        the forest cycle. However, the effect of other abiotic and biological variables on ECM
        communities should not be ignored. Finally, as ECM communities are non-randomly distributed
        and vary widely in species richness over time, I lay out a sampling strategy to provide
        representative samples of the actual ECM community in the study area. Using (i) an extensive
        sampling methodology, (ii) separation of samples at distances greater than levels of spatial
        autocorrelation, and (iii) samples collected throughout the year, over a number of years, an
        ample picture of the ECM community in temperate forests can be collected.</subfield>
    </datafield>
    <datafield tag="592" ind1=" " ind2=" ">
      <subfield code="a">Publisher supplied data</subfield>
    </datafield>
    <datafield tag="593" ind1=" " ind2=" ">
      <subfield code="a">PubAg article</subfield>
    </datafield>
    <datafield tag="650" ind1=" " ind2="3">
      <subfield code="a">autocorrelation</subfield>
    </datafield>
    <datafield tag="650" ind1=" " ind2="3">
      <subfield code="a">community structure</subfield>
    </datafield>
    <datafield tag="650" ind1=" " ind2="3">
      <subfield code="a">ectomycorrhizae</subfield>
    </datafield>
    <datafield tag="650" ind1=" " ind2="3">
      <subfield code="a">forest ecosystems</subfield>
    </datafield>
    <datafield tag="650" ind1=" " ind2="3">
      <subfield code="a">fruiting bodies</subfield>
    </datafield>
    <datafield tag="650" ind1=" " ind2="3">
      <subfield code="a">fungi</subfield>
    </datafield>
    <datafield tag="650" ind1=" " ind2="3">
      <subfield code="a">niches</subfield>
    </datafield>
    <datafield tag="650" ind1=" " ind2="3">
      <subfield code="a">nutrients</subfield>
    </datafield>
    <datafield tag="650" ind1=" " ind2="3">
      <subfield code="a">rare species</subfield>
    </datafield>
    <datafield tag="650" ind1=" " ind2="3">
      <subfield code="a">seedlings</subfield>
    </datafield>
    <datafield tag="650" ind1=" " ind2="3">
      <subfield code="a">species diversity</subfield>
    </datafield>
    <datafield tag="650" ind1=" " ind2="3">
      <subfield code="a">surveys</subfield>
    </datafield>
    <datafield tag="650" ind1=" " ind2="3">
      <subfield code="a">temperate forests</subfield>
    </datafield>
    <datafield tag="650" ind1=" " ind2="3">
      <subfield code="a">temporal variation</subfield>
    </datafield>
    <datafield tag="650" ind1=" " ind2="3">
      <subfield code="a">trees</subfield>
    </datafield>
    <datafield tag="773" ind1="0" ind2=" ">
      <subfield code="t">Symbiosis.</subfield>
      <subfield code="g">2012 June, v. 57, no. 2 p.57-71</subfield>
      <subfield code="d">Springer-Verlag</subfield>
      <subfield code="x">0334-5114</subfield>
      <subfield code="7">nnas</subfield>
    </datafield>
    <datafield tag="787" ind1="1" ind2=" ">
      <subfield code="o">islandora_article_repository</subfield>
    </datafield>
    <datafield tag="787" ind1="1" ind2=" ">
      <subfield code="o">product_pubag</subfield>
    </datafield>
    <datafield tag="787" ind1="1" ind2=" ">
      <subfield code="o">(Journal)jnl39183</subfield>
    </datafield>
    <datafield tag="856" ind1="4" ind2="0">
      <subfield code="u">http://dx.doi.org/10.1007/s13199-012-0179-x</subfield>
    </datafield>
    <datafield tag="912" ind1=" " ind2=" ">
      <subfield code="a">Article</subfield>
    </datafield>
    <datafield tag="914" ind1=" " ind2=" ">
      <subfield code="a">Journal:jnl39183</subfield>
      <subfield code="b">0334-5114</subfield>
      <subfield code="c">57</subfield>
      <subfield code="d">2</subfield>
      <subfield code="e">57</subfield>
    </datafield>
    <datafield tag="914" ind1=" " ind2=" ">
      <subfield code="f">Symbiosis</subfield>
    </datafield>
    <datafield tag="916" ind1=" " ind2=" ">
      <subfield code="a">Batch:664</subfield>
    </datafield>
    <datafield tag="917" ind1=" " ind2=" ">
      <subfield code="a">issued</subfield>
    </datafield>
    <datafield tag="918" ind1="2" ind2=" ">
      <subfield code="a">Springer</subfield>
      <subfield code="e">provider</subfield>
      <subfield code="5">DNAL</subfield>
    </datafield>
    <datafield tag="935" ind1=" " ind2=" ">
      <subfield code="a">IND44856537</subfield>
      <subfield code="9">ExL</subfield>
    </datafield>
    <datafield tag="949" ind1=" " ind2=" ">
      <subfield code="a">2014-10-15</subfield>
    </datafield>
    <datafield tag="951" ind1=" " ind2=" ">
      <subfield code="a">2012-09-21</subfield>
    </datafield>
    <datafield tag="953" ind1=" " ind2=" ">
      <subfield code="a">ftp_PUB_12-09-14_05-50-39.zip</subfield>
    </datafield>
    <datafield tag="962" ind1=" " ind2=" ">
      <subfield code="a">Batch:664 annotated on 2014-09-16T12:57:41Z</subfield>
    </datafield>
    <datafield tag="962" ind1=" " ind2=" ">
      <subfield code="a">Batch:664 reviewed on 2014-10-15T11:00:02Z</subfield>
    </datafield>
    <datafield tag="962" ind1=" " ind2=" ">
      <subfield code="a">Batch:664 reviewed on 2014-10-15T16:00:02Z</subfield>
    </datafield>
    <datafield tag="974" ind1=" " ind2=" ">
      <subfield code="a">agid:79104</subfield>
    </datafield>
  </record>