
  <record>
    <leader>06084nab a2200685 u 4500</leader>
    <controlfield tag="001">9916262938107426</controlfield>
    <controlfield tag="005">20221118043458.0</controlfield>
    <controlfield tag="008">210601e20210501xx |||||o|||||||||||eng||</controlfield>
    <datafield tag="016" ind1="7" ind2=" ">
      <subfield code="a">IND607284197</subfield>
      <subfield code="2">DNAL</subfield>
    </datafield>
    <datafield tag="024" ind1="7" ind2=" ">
      <subfield code="a">10.1016/j.foreco.2021.119024</subfield>
      <subfield code="2">doi</subfield>
    </datafield>
    <datafield tag="035" ind1=" " ind2=" ">
      <subfield code="a">agid:7284197-01nal_inst</subfield>
    </datafield>
    <datafield tag="040" ind1=" " ind2=" ">
      <subfield code="a">AGL</subfield>
      <subfield code="b">eng</subfield>
      <subfield code="c">AGL</subfield>
    </datafield>
    <datafield tag="100" ind1="1" ind2=" ">
      <subfield code="a">Brandes, Arno Fritz das Neves</subfield>
      <subfield code="e">author</subfield>
      <subfield code="u">Universidade Federal Fluminense, Instituto de Biologia, Departamento de
        Biologia Geral, Setor Botânica, Rua Professor Marcos Waldemar de Freitas Reis S/N, Campus do
        Gragoatá, Bloco M, Sala 108, 24210-201 Niterói, Rio de Janeiro, Brazil</subfield>
    </datafield>
    <datafield tag="245" ind1="1" ind2="4">
      <subfield code="a">The growth responses of Araucaria angustifolia to climate are adjusted both
        spatially and temporally at its northern distribution limit</subfield>
    </datafield>
    <datafield tag="500" ind1=" " ind2=" ">
      <subfield code="a">NAL-AP-2-clean</subfield>
    </datafield>
    <datafield tag="520" ind1=" " ind2=" ">
      <subfield code="a">Temporal instability and spatial inconsistency in tree growth sensitivity
        to climate have been reported, but little attention has been given to tropical species.
        Araucaria angustifolia (Bertol.) Kuntze. (Araucariaceae) is a critically endangered South
        American subtropical and tropical conifer. It offers the potential to evaluate alterations
        in tree growth responses as it is climate-sensitive and presents a core zone of distribution
        in the Brazilian meridional highlands (with small disjunct patches occurring in its most
        southern and northern ranges). Previous dendrochronological studies in the central and most
        southern distribution range of A. angustifolia showed different climate-related growth
        responses, which raises the question of whether the growth responses of A. angustifolia to
        climate are consistent over space and stable over time at the species' northern distribution
        limit? We developed well-replicated tree-ring chronologies for A. angustifolia at the
        species' northern distribution limit, examined its growth dynamics, and evaluated
        climate-growth relationships. The growth patterns of A. angustifolia allowed the
        synchronization of its tree ring time-series and the construction of two tree-ring width
        chronologies (at Brejo da Lapa – BL and Vale das Araucárias – VA) of 55 years and 171 years
        respectively. The chronologies demonstrated stable and robust signal strengths.
        Climate-growth response analyses indicated significant positive correlations of the VA
        chronology with precipitation variables, and with temperature variables in the BL
        chronology. Different diametric growth patterns were detected between BL and VA. We observed
        consistent reductions of growth responses to the climate in recent decades. Forest structure
        and dynamics, disturbance regime, local environmental factors, and climate change could
        generate physiological alterations and explain variations in A. angustifolia’s growth
        responses and increments. The species showed different sensitivities to climatic factors
        both spatially and temporally, and different growth patterns at its northern distribution
        limit.</subfield>
    </datafield>
    <datafield tag="592" ind1=" " ind2=" ">
      <subfield code="a">Publisher supplied data</subfield>
    </datafield>
    <datafield tag="593" ind1=" " ind2=" ">
      <subfield code="a">PubAg article</subfield>
    </datafield>
    <datafield tag="650" ind1=" " ind2="3">
      <subfield code="a">Araucaria angustifolia</subfield>
    </datafield>
    <datafield tag="650" ind1=" " ind2="3">
      <subfield code="a">administrative management</subfield>
    </datafield>
    <datafield tag="650" ind1=" " ind2="3">
      <subfield code="a">climate change</subfield>
    </datafield>
    <datafield tag="650" ind1=" " ind2="3">
      <subfield code="a">conifers</subfield>
    </datafield>
    <datafield tag="650" ind1=" " ind2="3">
      <subfield code="a">dendrochronology</subfield>
    </datafield>
    <datafield tag="650" ind1=" " ind2="3">
      <subfield code="a">forest ecology</subfield>
    </datafield>
    <datafield tag="650" ind1=" " ind2="3">
      <subfield code="a">forests</subfield>
    </datafield>
    <datafield tag="650" ind1=" " ind2="3">
      <subfield code="a">growth rings</subfield>
    </datafield>
    <datafield tag="650" ind1=" " ind2="3">
      <subfield code="a">temperature</subfield>
    </datafield>
    <datafield tag="650" ind1=" " ind2="3">
      <subfield code="a">time series analysis</subfield>
    </datafield>
    <datafield tag="650" ind1=" " ind2="3">
      <subfield code="a">tree growth</subfield>
    </datafield>
    <datafield tag="653" ind1=" " ind2="0">
      <subfield code="a">Climate-growth relationship</subfield>
    </datafield>
    <datafield tag="653" ind1=" " ind2="0">
      <subfield code="a">Divergence problem</subfield>
    </datafield>
    <datafield tag="653" ind1=" " ind2="0">
      <subfield code="a">Endangered species</subfield>
    </datafield>
    <datafield tag="653" ind1=" " ind2="0">
      <subfield code="a">Paraná pine</subfield>
    </datafield>
    <datafield tag="653" ind1=" " ind2="0">
      <subfield code="a">Pinheiro-do-paraná</subfield>
    </datafield>
    <datafield tag="653" ind1=" " ind2="0">
      <subfield code="a">Tropical dendrochronology</subfield>
    </datafield>
    <datafield tag="700" ind1="1" ind2=" ">
      <subfield code="a">Albuquerque, Rafael Perpétuo</subfield>
      <subfield code="e">author</subfield>
      <subfield code="u">Instituto de Pesquisas Jardim Botânico do Rio de Janeiro, Escola Nacional
        de Botânica Tropical, Diretoria de Pesquisa Científica, Rua Pacheco Leão 915, 22460-030 Rio
        de Janeiro, Rio de Janeiro, Brazil</subfield>
    </datafield>
    <datafield tag="700" ind1="1" ind2=" ">
      <subfield code="a">Lisi, Claudio Sergio</subfield>
      <subfield code="e">author</subfield>
      <subfield code="u">Universidade Federal de Sergipe, Departamento de Biologia, CCBS, Campus São
        Cristóvão, Av. Marechal Rondon S/N, 49100-000 São Cristóvão, Sergipe, Brazil</subfield>
    </datafield>
    <datafield tag="700" ind1="1" ind2=" ">
      <subfield code="a">Lemos, Davi Neves de</subfield>
      <subfield code="e">author</subfield>
      <subfield code="u">Universidade Federal Fluminense, Instituto de Biologia, Departamento de
        Biologia Geral, Setor Botânica, Rua Professor Marcos Waldemar de Freitas Reis S/N, Campus do
        Gragoatá, Bloco M, Sala 108, 24210-201 Niterói, Rio de Janeiro, Brazil</subfield>
    </datafield>
    <datafield tag="700" ind1="1" ind2=" ">
      <subfield code="a">Nicola, Luca Ribeiro Mendes</subfield>
      <subfield code="e">author</subfield>
      <subfield code="u">Universidade Federal Fluminense, Instituto de Biologia, Departamento de
        Biologia Geral, Setor Botânica, Rua Professor Marcos Waldemar de Freitas Reis S/N, Campus do
        Gragoatá, Bloco M, Sala 108, 24210-201 Niterói, Rio de Janeiro, Brazil</subfield>
    </datafield>
    <datafield tag="700" ind1="1" ind2=" ">
      <subfield code="a">Melo, Anita Lara Ferreira</subfield>
      <subfield code="e">author</subfield>
      <subfield code="u">Universidade Federal Fluminense, Instituto de Biologia, Departamento de
        Biologia Geral, Setor Botânica, Rua Professor Marcos Waldemar de Freitas Reis S/N, Campus do
        Gragoatá, Bloco M, Sala 108, 24210-201 Niterói, Rio de Janeiro, Brazil</subfield>
    </datafield>
    <datafield tag="700" ind1="1" ind2=" ">
      <subfield code="a">Barros, Cláudia Franca</subfield>
      <subfield code="e">author</subfield>
      <subfield code="u">Instituto de Pesquisas Jardim Botânico do Rio de Janeiro, Escola Nacional
        de Botânica Tropical, Diretoria de Pesquisa Científica, Rua Pacheco Leão 915, 22460-030 Rio
        de Janeiro, Rio de Janeiro, Brazil</subfield>
    </datafield>
    <datafield tag="773" ind1="0" ind2=" ">
      <subfield code="t">Forest ecology and management.</subfield>
      <subfield code="g">2021 May 01, v. 487 p.119024-</subfield>
      <subfield code="d">Elsevier B.V.</subfield>
      <subfield code="w">Journal:jnl9013</subfield>
      <subfield code="x">0378-1127</subfield>
      <subfield code="7">nnas</subfield>
    </datafield>
    <datafield tag="787" ind1="1" ind2=" ">
      <subfield code="o">islandora_article_repository</subfield>
    </datafield>
    <datafield tag="787" ind1="1" ind2=" ">
      <subfield code="o">product_pubag</subfield>
    </datafield>
    <datafield tag="787" ind1="1" ind2=" ">
      <subfield code="o">(Journal)jnl9013</subfield>
    </datafield>
    <datafield tag="856" ind1="4" ind2="0">
      <subfield code="u">https://dx.doi.org/10.1016/j.foreco.2021.119024</subfield>
      <subfield code="3">Available from publisher's site</subfield>
    </datafield>
    <datafield tag="912" ind1=" " ind2=" ">
      <subfield code="a">Article</subfield>
    </datafield>
    <datafield tag="914" ind1=" " ind2=" ">
      <subfield code="a">Journal:jnl9013</subfield>
      <subfield code="b">0378-1127</subfield>
      <subfield code="c">487</subfield>
      <subfield code="e">119024</subfield>
    </datafield>
    <datafield tag="914" ind1=" " ind2=" ">
      <subfield code="f">Forest ecology and management</subfield>
    </datafield>
    <datafield tag="916" ind1=" " ind2=" ">
      <subfield code="a">Batch:10148</subfield>
    </datafield>
    <datafield tag="917" ind1=" " ind2=" ">
      <subfield code="a">issued</subfield>
    </datafield>
    <datafield tag="918" ind1="2" ind2=" ">
      <subfield code="a">Elsevier Consyn</subfield>
      <subfield code="e">provider</subfield>
      <subfield code="5">DNAL</subfield>
    </datafield>
    <datafield tag="935" ind1=" " ind2=" ">
      <subfield code="a">IND607284197</subfield>
      <subfield code="9">ExL</subfield>
    </datafield>
    <datafield tag="949" ind1=" " ind2=" ">
      <subfield code="a">2021-06-18</subfield>
    </datafield>
    <datafield tag="953" ind1=" " ind2=" ">
      <subfield code="a"
        >/data/metadata/incoming/consyn/152982441423356005-00001-HEAD-ONLY-REVISEDSUBJECTLIST.zip</subfield>
    </datafield>
    <datafield tag="954" ind1=" " ind2=" ">
      <subfield code="a">file:/data/metadata/staging/consyn/S0378112721001134.xml</subfield>
    </datafield>
    <datafield tag="955" ind1=" " ind2=" ">
      <subfield code="a">/data/metadata/staging/consyn/</subfield>
    </datafield>
    <datafield tag="974" ind1=" " ind2=" ">
      <subfield code="a">agid:7284197</subfield>
    </datafield>
    <datafield tag="983" ind1=" " ind2=" ">
      <subfield code="a">2021-06-01</subfield>
    </datafield>
    <datafield tag="984" ind1=" " ind2=" ">
      <subfield code="a">2021-06-18</subfield>
    </datafield>
  </record>