
  <record>
    <leader>04283nab a2200649 u 4500</leader>
    <controlfield tag="001">9916263481107426</controlfield>
    <controlfield tag="005">20221118044630.0</controlfield>
    <controlfield tag="008">181124e201301 xx |||||o|||||||||||eng||</controlfield>
    <datafield tag="016" ind1="7" ind2=" ">
      <subfield code="a">IND606223064</subfield>
      <subfield code="2">DNAL</subfield>
    </datafield>
    <datafield tag="024" ind1="7" ind2=" ">
      <subfield code="a">10.1177/0959683612450198</subfield>
      <subfield code="2">doi</subfield>
    </datafield>
    <datafield tag="035" ind1=" " ind2=" ">
      <subfield code="a">agid:6223064-01nal_inst</subfield>
    </datafield>
    <datafield tag="040" ind1=" " ind2=" ">
      <subfield code="a">AGL</subfield>
      <subfield code="b">eng</subfield>
      <subfield code="c">AGL</subfield>
    </datafield>
    <datafield tag="100" ind1="1" ind2=" ">
      <subfield code="a">He, Minhui</subfield>
      <subfield code="e">author</subfield>
      <subfield code="u">Chinese Academy of Sciences, China</subfield>
    </datafield>
    <datafield tag="245" ind1="1" ind2="0">
      <subfield code="a">Tree-ring derived millennial precipitation record for the south-central
        Tibetan Plateau and its possible driving mechanism</subfield>
    </datafield>
    <datafield tag="300" ind1=" " ind2=" ">
      <subfield code="a">p. 36-45.</subfield>
    </datafield>
    <datafield tag="520" ind1=" " ind2=" ">
      <subfield code="a">Knowledge of Asian monsoon variability remains limited because of sparse
        instrumental data available only for short time series. Here, an updated tree-ring width
        record covering the period ad 1037–2009 was developed for the south-central Tibetan Plateau
        (TP). Correlation analysis revealed a significant relationship (r = 0.71) between the
        tree-ring index and annual (previous July to current June) precipitation series for the
        instrumental period 1963–2008, which accounts for 50.41% of the rainfall variability. Based
        on a linear regression model, the longest available regional precipitation history was
        reconstructed. Spatial correlation between tree ring width and annual precipitation data
        from previous July to current June indicates that the reconstruction is representative of
        precipitation changes on the south-central TP. Regional wet conditions occurred during ad
        1095–1161, 1376–1403, 1414–1446, 1518–1537, 1549–1572, 1702–1757, 1848–1878 and 1891–1913,
        while dry periods were identified during ad1189–1242, 1256–1314, 1329–1357, 1470–1491,
        1573–1623, 1636–1686, 1761–1821, 1823–1847, 1879–1890 and 1931–1985. The negative
        correlation between our reconstructed precipitation and India monsoon rainfall series
        indicates the seesaw pattern over northern and southern monsoon Asia. It is suggested that
        solar radiation-induced sea surface temperature (SST) anomalies over the tropical Pacific
        influence regional rainfall patterns. The degree of this influence has been stable at the
        multidecadal scale during the past 1000 years.</subfield>
    </datafield>
    <datafield tag="536" ind1=" " ind2=" ">
      <subfield code="a">Funding The study was jointly funded by the 973 project (2010CB950104) and
        the Chinese Academy of Sciences (CAS) 100 Talents Project (29082762). Achim Braüning was
        supported by DFG (project BR 1895/13--) and the CAS Visiting Professorship for Senior
        International Scientists (Grant No. 2010T1Z31).</subfield>
    </datafield>
    <datafield tag="592" ind1=" " ind2=" ">
      <subfield code="a">Publisher supplied data</subfield>
    </datafield>
    <datafield tag="593" ind1=" " ind2=" ">
      <subfield code="a">PubAg article</subfield>
    </datafield>
    <datafield tag="650" ind1=" " ind2="3">
      <subfield code="a">growth rings</subfield>
    </datafield>
    <datafield tag="650" ind1=" " ind2="3">
      <subfield code="a">monsoon season</subfield>
    </datafield>
    <datafield tag="650" ind1=" " ind2="3">
      <subfield code="a">rain</subfield>
    </datafield>
    <datafield tag="650" ind1=" " ind2="3">
      <subfield code="a">regression analysis</subfield>
    </datafield>
    <datafield tag="650" ind1=" " ind2="3">
      <subfield code="a">surface water temperature</subfield>
    </datafield>
    <datafield tag="650" ind1=" " ind2="3">
      <subfield code="a">time series analysis</subfield>
    </datafield>
    <datafield tag="651" ind1=" " ind2="3">
      <subfield code="a">China</subfield>
    </datafield>
    <datafield tag="651" ind1=" " ind2="3">
      <subfield code="a">India</subfield>
    </datafield>
    <datafield tag="653" ind1=" " ind2="0">
      <subfield code="a">Asian summer monsoon</subfield>
    </datafield>
    <datafield tag="653" ind1=" " ind2="0">
      <subfield code="a">past millennium</subfield>
    </datafield>
    <datafield tag="653" ind1=" " ind2="0">
      <subfield code="a">precipitation variation</subfield>
    </datafield>
    <datafield tag="653" ind1=" " ind2="0">
      <subfield code="a">solar activity</subfield>
    </datafield>
    <datafield tag="653" ind1=" " ind2="0">
      <subfield code="a">south-central Tibetan Plateau</subfield>
    </datafield>
    <datafield tag="653" ind1=" " ind2="0">
      <subfield code="a">tree-ring records</subfield>
    </datafield>
    <datafield tag="700" ind1="1" ind2=" ">
      <subfield code="a">Yang, Bao</subfield>
      <subfield code="e">author</subfield>
      <subfield code="u">Chinese Academy of Sciences, China</subfield>
    </datafield>
    <datafield tag="700" ind1="1" ind2=" ">
      <subfield code="a">Bräuning, Achim</subfield>
      <subfield code="e">author</subfield>
      <subfield code="u">University of Erlangen, Germany</subfield>
    </datafield>
    <datafield tag="700" ind1="1" ind2=" ">
      <subfield code="a">Wang, Jianglin</subfield>
      <subfield code="e">author</subfield>
      <subfield code="u">Chinese Academy of Sciences, China</subfield>
    </datafield>
    <datafield tag="700" ind1="1" ind2=" ">
      <subfield code="a">Wang, Zhangyong</subfield>
      <subfield code="e">author</subfield>
      <subfield code="u">Chinese Academy of Sciences, China</subfield>
    </datafield>
    <datafield tag="773" ind1="0" ind2=" ">
      <subfield code="t">Holocene.</subfield>
      <subfield code="g">, v. 23, no. 1 p.36-45</subfield>
      <subfield code="d">SAGE Publications</subfield>
      <subfield code="w">Journal:J000001502</subfield>
      <subfield code="x">1477-0911</subfield>
      <subfield code="7">nnas</subfield>
    </datafield>
    <datafield tag="787" ind1="1" ind2=" ">
      <subfield code="o">islandora_article_repository</subfield>
    </datafield>
    <datafield tag="787" ind1="1" ind2=" ">
      <subfield code="o">product_pubag</subfield>
    </datafield>
    <datafield tag="787" ind1="1" ind2=" ">
      <subfield code="o">(Journal)J000001502</subfield>
    </datafield>
    <datafield tag="856" ind1="4" ind2="0">
      <subfield code="u">http://dx.doi.org/10.1177/0959683612450198</subfield>
      <subfield code="3">Available from publisher's site</subfield>
    </datafield>
    <datafield tag="912" ind1=" " ind2=" ">
      <subfield code="a">Article</subfield>
    </datafield>
    <datafield tag="914" ind1=" " ind2=" ">
      <subfield code="a">Journal:J000001502</subfield>
      <subfield code="b">1477-0911</subfield>
      <subfield code="c">23</subfield>
      <subfield code="d">1</subfield>
      <subfield code="e">36</subfield>
    </datafield>
    <datafield tag="914" ind1=" " ind2=" ">
      <subfield code="f">Holocene</subfield>
    </datafield>
    <datafield tag="916" ind1=" " ind2=" ">
      <subfield code="a">Batch:2154</subfield>
    </datafield>
    <datafield tag="917" ind1=" " ind2=" ">
      <subfield code="a">issued</subfield>
    </datafield>
    <datafield tag="918" ind1="2" ind2=" ">
      <subfield code="a">Sage Publications</subfield>
      <subfield code="e">provider</subfield>
      <subfield code="5">DNAL</subfield>
    </datafield>
    <datafield tag="935" ind1=" " ind2=" ">
      <subfield code="a">IND606223064</subfield>
      <subfield code="9">ExL</subfield>
    </datafield>
    <datafield tag="949" ind1=" " ind2=" ">
      <subfield code="a">2019-04-03</subfield>
    </datafield>
    <datafield tag="953" ind1=" " ind2=" ">
      <subfield code="a">/data/metadata/incoming/sagepubs/HOL_2013_23_1.zip</subfield>
    </datafield>
    <datafield tag="954" ind1=" " ind2=" ">
      <subfield code="a"
        >file:/data/metadata/staging/sagepubs/10.1177_0959683612450198.xml</subfield>
    </datafield>
    <datafield tag="955" ind1=" " ind2=" ">
      <subfield code="a">/data/metadata/staging/sagepubs/</subfield>
    </datafield>
    <datafield tag="962" ind1=" " ind2=" ">
      <subfield code="a">Batch:2154 reviewed on 2019-04-03T16:00:04Z</subfield>
    </datafield>
    <datafield tag="974" ind1=" " ind2=" ">
      <subfield code="a">agid:6223064</subfield>
    </datafield>
    <datafield tag="983" ind1=" " ind2=" ">
      <subfield code="a">2018-11-24</subfield>
    </datafield>
    <datafield tag="984" ind1=" " ind2=" ">
      <subfield code="a">2019-04-03</subfield>
    </datafield>
  </record>