
  <record>
    <leader>04308nab a2200733 u 4500</leader>
    <controlfield tag="001">9916263510707426</controlfield>
    <controlfield tag="005">20221118044410.0</controlfield>
    <controlfield tag="008">181124e201302 xx |||||o|||||||||||eng||</controlfield>
    <datafield tag="016" ind1="7" ind2=" ">
      <subfield code="a">IND606223092</subfield>
      <subfield code="2">DNAL</subfield>
    </datafield>
    <datafield tag="024" ind1="7" ind2=" ">
      <subfield code="a">10.1177/0959683612460784</subfield>
      <subfield code="2">doi</subfield>
    </datafield>
    <datafield tag="035" ind1=" " ind2=" ">
      <subfield code="a">agid:6223092-01nal_inst</subfield>
    </datafield>
    <datafield tag="040" ind1=" " ind2=" ">
      <subfield code="a">AGL</subfield>
      <subfield code="b">eng</subfield>
      <subfield code="c">AGL</subfield>
    </datafield>
    <datafield tag="100" ind1="1" ind2=" ">
      <subfield code="a">Corona, Christophe</subfield>
      <subfield code="e">author</subfield>
      <subfield code="u">Laboratory of Dendrogeomorphology (dendrolab.ch), Institute of Geological
        Sciences, University of Berne, Switzerland</subfield>
    </datafield>
    <datafield tag="245" ind1="1" ind2="0">
      <subfield code="a">Seven centuries of avalanche activity at Echalp (Queyras massif, southern
        French Alps) as inferred from tree rings</subfield>
    </datafield>
    <datafield tag="300" ind1=" " ind2=" ">
      <subfield code="a">p. 292-304.</subfield>
    </datafield>
    <datafield tag="520" ind1=" " ind2=" ">
      <subfield code="a">The purpose of this study was to reconstruct spatiotemporal patterns of
        avalanche events in a forested avalanche path of the Queyras massif (Echalp avalanche path,
        southeast French Alps). Analysis of past events was based on tree-ring series from 163
        heavily affected multicentennial larch trees (Larix decidua Mill.) growing near or next to
        the avalanche path. A total of 514 growth disturbances, such as tangential rows of traumatic
        resin ducts, the onset of compression wood as well as abrupt growth suppression or release,
        were identified in the samples indicating 38 destructive snow avalanches between 1338 and
        2010. The mean return period of snow avalanches was 22 years with a 4% probability that an
        avalanche occurs in a particular year. On a temporal plan, three maxima in snow avalanche
        frequency were reconstructed at the beginning of the 16th and 19th centuries and around
        1850, correlating with below-average winter temperatures and glacier advances. Analysis of
        the spatial distribution of disturbed trees contributed to the determination of four
        preferential patterns of avalanche events. The comparison of dendrogeomorphic data with
        historical records demonstrate that at least 18 events – six of which were undocumented –
        reached the hamlet of Echalp during the last seven centuries, but no significant temporal
        trend was detected concerning the frequency of these extreme events.</subfield>
    </datafield>
    <datafield tag="536" ind1=" " ind2=" ">
      <subfield code="a">Funding This research received no specific grant from any funding agency in
        the public, commercial or not-for-profit sectors.</subfield>
    </datafield>
    <datafield tag="592" ind1=" " ind2=" ">
      <subfield code="a">Publisher supplied data</subfield>
    </datafield>
    <datafield tag="593" ind1=" " ind2=" ">
      <subfield code="a">PubAg article</subfield>
    </datafield>
    <datafield tag="650" ind1=" " ind2="3">
      <subfield code="a">Larix decidua</subfield>
    </datafield>
    <datafield tag="650" ind1=" " ind2="3">
      <subfield code="a">avalanches</subfield>
    </datafield>
    <datafield tag="650" ind1=" " ind2="3">
      <subfield code="a">compression wood</subfield>
    </datafield>
    <datafield tag="650" ind1=" " ind2="3">
      <subfield code="a">glaciers</subfield>
    </datafield>
    <datafield tag="650" ind1=" " ind2="3">
      <subfield code="a">growth rings</subfield>
    </datafield>
    <datafield tag="650" ind1=" " ind2="3">
      <subfield code="a">historical records</subfield>
    </datafield>
    <datafield tag="650" ind1=" " ind2="3">
      <subfield code="a">probability</subfield>
    </datafield>
    <datafield tag="650" ind1=" " ind2="3">
      <subfield code="a">resin canals</subfield>
    </datafield>
    <datafield tag="650" ind1=" " ind2="3">
      <subfield code="a">snow</subfield>
    </datafield>
    <datafield tag="650" ind1=" " ind2="3">
      <subfield code="a">temperature</subfield>
    </datafield>
    <datafield tag="650" ind1=" " ind2="3">
      <subfield code="a">trees</subfield>
    </datafield>
    <datafield tag="650" ind1=" " ind2="3">
      <subfield code="a">winter</subfield>
    </datafield>
    <datafield tag="651" ind1=" " ind2="3">
      <subfield code="a">Alps region</subfield>
    </datafield>
    <datafield tag="651" ind1=" " ind2="3">
      <subfield code="a">France</subfield>
    </datafield>
    <datafield tag="653" ind1=" " ind2="0">
      <subfield code="a">dendrogeomorphology</subfield>
    </datafield>
    <datafield tag="653" ind1=" " ind2="0">
      <subfield code="a">French Alps</subfield>
    </datafield>
    <datafield tag="653" ind1=" " ind2="0">
      <subfield code="a">frequency</subfield>
    </datafield>
    <datafield tag="653" ind1=" " ind2="0">
      <subfield code="a">multicentennial reconstruction</subfield>
    </datafield>
    <datafield tag="653" ind1=" " ind2="0">
      <subfield code="a">snow avalanche</subfield>
    </datafield>
    <datafield tag="653" ind1=" " ind2="0">
      <subfield code="a">tree-rings</subfield>
    </datafield>
    <datafield tag="700" ind1="1" ind2=" ">
      <subfield code="a">Saez, Jérôme Lopez</subfield>
      <subfield code="e">author</subfield>
      <subfield code="u">IRSTEA, UR EMGR, France</subfield>
    </datafield>
    <datafield tag="700" ind1="1" ind2=" ">
      <subfield code="a">Stoffel, Markus</subfield>
      <subfield code="e">author</subfield>
      <subfield code="u">Laboratory of Dendrogeomorphology (dendrolab.ch), Institute of Geological
        Sciences, University of Berne, Switzerland</subfield>
    </datafield>
    <datafield tag="700" ind1="1" ind2=" ">
      <subfield code="a">Rovéra, Georges</subfield>
      <subfield code="e">author</subfield>
      <subfield code="u">Université Grenoble-I Joseph Fourier, UMR 5194-CNRS PACTE Territoires,
        France</subfield>
    </datafield>
    <datafield tag="700" ind1="1" ind2=" ">
      <subfield code="a">Edouard, Jean-Louis</subfield>
      <subfield code="e">author</subfield>
      <subfield code="u">Centre Camille Julian UMR 6573 CNRS, Maison Méditerranéenne des Sciences de
        l’Homme, France</subfield>
    </datafield>
    <datafield tag="700" ind1="1" ind2=" ">
      <subfield code="a">Berger, Frédéric</subfield>
      <subfield code="e">author</subfield>
      <subfield code="u">IRSTEA, UR EMGR, France</subfield>
    </datafield>
    <datafield tag="773" ind1="0" ind2=" ">
      <subfield code="t">Holocene.</subfield>
      <subfield code="g">, v. 23, no. 2 p.292-304</subfield>
      <subfield code="d">SAGE Publications</subfield>
      <subfield code="w">Journal:J000001502</subfield>
      <subfield code="x">1477-0911</subfield>
      <subfield code="7">nnas</subfield>
    </datafield>
    <datafield tag="787" ind1="1" ind2=" ">
      <subfield code="o">islandora_article_repository</subfield>
    </datafield>
    <datafield tag="787" ind1="1" ind2=" ">
      <subfield code="o">product_pubag</subfield>
    </datafield>
    <datafield tag="787" ind1="1" ind2=" ">
      <subfield code="o">(Journal)J000001502</subfield>
    </datafield>
    <datafield tag="856" ind1="4" ind2="0">
      <subfield code="u">http://dx.doi.org/10.1177/0959683612460784</subfield>
      <subfield code="3">Available from publisher's site</subfield>
    </datafield>
    <datafield tag="912" ind1=" " ind2=" ">
      <subfield code="a">Article</subfield>
    </datafield>
    <datafield tag="914" ind1=" " ind2=" ">
      <subfield code="a">Journal:J000001502</subfield>
      <subfield code="b">1477-0911</subfield>
      <subfield code="c">23</subfield>
      <subfield code="d">2</subfield>
      <subfield code="e">292</subfield>
    </datafield>
    <datafield tag="914" ind1=" " ind2=" ">
      <subfield code="f">Holocene</subfield>
    </datafield>
    <datafield tag="916" ind1=" " ind2=" ">
      <subfield code="a">Batch:2154</subfield>
    </datafield>
    <datafield tag="917" ind1=" " ind2=" ">
      <subfield code="a">issued</subfield>
    </datafield>
    <datafield tag="918" ind1="2" ind2=" ">
      <subfield code="a">Sage Publications</subfield>
      <subfield code="e">provider</subfield>
      <subfield code="5">DNAL</subfield>
    </datafield>
    <datafield tag="935" ind1=" " ind2=" ">
      <subfield code="a">IND606223092</subfield>
      <subfield code="9">ExL</subfield>
    </datafield>
    <datafield tag="949" ind1=" " ind2=" ">
      <subfield code="a">2019-04-03</subfield>
    </datafield>
    <datafield tag="953" ind1=" " ind2=" ">
      <subfield code="a">/data/metadata/incoming/sagepubs/HOL_2013_23_2.zip</subfield>
    </datafield>
    <datafield tag="954" ind1=" " ind2=" ">
      <subfield code="a"
        >file:/data/metadata/staging/sagepubs/10.1177_0959683612460784.xml</subfield>
    </datafield>
    <datafield tag="955" ind1=" " ind2=" ">
      <subfield code="a">/data/metadata/staging/sagepubs/</subfield>
    </datafield>
    <datafield tag="962" ind1=" " ind2=" ">
      <subfield code="a">Batch:2154 reviewed on 2019-04-03T16:00:04Z</subfield>
    </datafield>
    <datafield tag="974" ind1=" " ind2=" ">
      <subfield code="a">agid:6223092</subfield>
    </datafield>
    <datafield tag="983" ind1=" " ind2=" ">
      <subfield code="a">2018-11-24</subfield>
    </datafield>
    <datafield tag="984" ind1=" " ind2=" ">
      <subfield code="a">2019-04-03</subfield>
    </datafield>
  </record>