
  <record>
    <leader>04293nab a2200709 u 4500</leader>
    <controlfield tag="001">9916264167907426</controlfield>
    <controlfield tag="005">20221118051638.0</controlfield>
    <controlfield tag="008">170712e201702 xx |||||o|||||||||||eng||</controlfield>
    <datafield tag="016" ind1="7" ind2=" ">
      <subfield code="a">IND605712437</subfield>
      <subfield code="2">DNAL</subfield>
    </datafield>
    <datafield tag="024" ind1="7" ind2=" ">
      <subfield code="a">10.1002/ecy.1659</subfield>
      <subfield code="2">chorus</subfield>
    </datafield>
    <datafield tag="024" ind1="7" ind2=" ">
      <subfield code="a">10.1002/ecy.1659</subfield>
      <subfield code="2">doi</subfield>
    </datafield>
    <datafield tag="024" ind1="7" ind2=" ">
      <subfield code="a">10.1002/ecy.1659</subfield>
      <subfield code="2">chorusOpen</subfield>
    </datafield>
    <datafield tag="035" ind1=" " ind2=" ">
      <subfield code="a">agid:5712437-01nal_inst</subfield>
    </datafield>
    <datafield tag="040" ind1=" " ind2=" ">
      <subfield code="a">AGL</subfield>
      <subfield code="b">eng</subfield>
      <subfield code="c">AGL</subfield>
    </datafield>
    <datafield tag="100" ind1="1" ind2=" ">
      <subfield code="a">Dohn, Justin</subfield>
      <subfield code="e">author</subfield>
    </datafield>
    <datafield tag="245" ind1="1" ind2="0">
      <subfield code="a">Spatial vegetation patterns and neighborhood competition among woody plants
        in an East African savanna</subfield>
    </datafield>
    <datafield tag="300" ind1=" " ind2=" ">
      <subfield code="a">p. 478-488.</subfield>
    </datafield>
    <datafield tag="500" ind1=" " ind2=" ">
      <subfield code="a">JOURNAL ARTICLE</subfield>
    </datafield>
    <datafield tag="506" ind1=" " ind2=" ">
      <subfield code="a">Resource is Open Access</subfield>
      <subfield code="f">Unrestricted online access</subfield>
      <subfield code="2">star</subfield>
    </datafield>
    <datafield tag="506" ind1=" " ind2=" ">
      <subfield code="a">Wiley License Information</subfield>
      <subfield code="f">Unrestricted online access</subfield>
      <subfield code="2">star</subfield>
    </datafield>
    <datafield tag="520" ind1=" " ind2=" ">
      <subfield code="a">The majority of research on savanna vegetation dynamics has focused on the
        coexistence of woody and herbaceous vegetation. Interactions among woody plants in savannas
        are relatively poorly understood. We present data from a 10‐yr longitudinal study of
        spatially explicit growth patterns of woody vegetation in an East African savanna following
        exclusion of large herbivores and in the absence of fire. We examined plant spatial patterns
        and quantified the degree of competition among woody individuals. Woody plants in this
        semiarid savanna exhibit strongly clumped spatial distributions at scales of 1–5 m. However,
        analysis of woody plant growth rates relative to their conspecific and heterospecific
        neighbors revealed evidence for strong competitive interactions at neighborhood scales of up
        to 5 m for most woody plant species. Thus, woody plants were aggregated in clumps despite
        significantly decreased growth rates in close proximity to neighbors, indicating that the
        spatial distribution of woody plants in this region depends on dispersal and establishment
        processes rather than on competitive, density‐dependent mortality. However, our
        documentation of suppressive effects of woody plants on neighbors also suggests a
        potentially important role for tree‐tree competition in controlling vegetation structure and
        indicates that the balanced‐competition hypothesis may contribute to well‐known patterns in
        maximum tree cover across rainfall gradients in Africa.</subfield>
    </datafield>
    <datafield tag="592" ind1=" " ind2=" ">
      <subfield code="a">Publisher supplied data</subfield>
    </datafield>
    <datafield tag="593" ind1=" " ind2=" ">
      <subfield code="a">PubAg article</subfield>
    </datafield>
    <datafield tag="596" ind1=" " ind2=" ">
      <subfield code="c">NSF</subfield>
      <subfield code="d">https://doi.org/10.13039/100000001</subfield>
    </datafield>
    <datafield tag="596" ind1=" " ind2=" ">
      <subfield code="c">Natural Environment Research Council</subfield>
      <subfield code="d">https://doi.org/10.13039/501100000270</subfield>
    </datafield>
    <datafield tag="596" ind1=" " ind2=" ">
      <subfield code="c">USDA</subfield>
      <subfield code="d">https://doi.org/10.13039/100000199</subfield>
    </datafield>
    <datafield tag="596" ind1=" " ind2=" ">
      <subfield code="c">University of Leeds</subfield>
      <subfield code="d">https://doi.org/10.13039/501100000777</subfield>
    </datafield>
    <datafield tag="650" ind1=" " ind2="3">
      <subfield code="a">herbivores</subfield>
    </datafield>
    <datafield tag="650" ind1=" " ind2="3">
      <subfield code="a">longitudinal studies</subfield>
    </datafield>
    <datafield tag="650" ind1=" " ind2="3">
      <subfield code="a">mortality</subfield>
    </datafield>
    <datafield tag="650" ind1=" " ind2="3">
      <subfield code="a">rain</subfield>
    </datafield>
    <datafield tag="650" ind1=" " ind2="3">
      <subfield code="a">savannas</subfield>
    </datafield>
    <datafield tag="650" ind1=" " ind2="3">
      <subfield code="a">trees</subfield>
    </datafield>
    <datafield tag="650" ind1=" " ind2="3">
      <subfield code="a">vegetation structure</subfield>
    </datafield>
    <datafield tag="650" ind1=" " ind2="3">
      <subfield code="a">woody plants</subfield>
    </datafield>
    <datafield tag="651" ind1=" " ind2="3">
      <subfield code="a">Africa</subfield>
    </datafield>
    <datafield tag="700" ind1="1" ind2=" ">
      <subfield code="a">Augustine, David J.</subfield>
      <subfield code="e">author</subfield>
      <subfield code="u">Rangeland Resources Research Unit, USDA Agricultural Research Service, Fort
        Collins, Colorado, 80526, USA</subfield>
    </datafield>
    <datafield tag="700" ind1="1" ind2=" ">
      <subfield code="a">Hanan, Niall P.</subfield>
      <subfield code="e">author</subfield>
      <subfield code="u">Geospatial Sciences Center of Excellence, South Dakota State University,
        Brookings, South Dakota, 57006, USA</subfield>
    </datafield>
    <datafield tag="700" ind1="1" ind2=" ">
      <subfield code="a">Ratnam, Jayashree</subfield>
      <subfield code="e">author</subfield>
      <subfield code="u">National Centre for Biological Sciences, Tata Institute of Fundamental
        Research, GKVK Campus, Bellary Road, Bangalore, 560065, India</subfield>
    </datafield>
    <datafield tag="700" ind1="1" ind2=" ">
      <subfield code="a">Sankaran, Mahesh</subfield>
      <subfield code="e">author</subfield>
    </datafield>
    <datafield tag="773" ind1="0" ind2=" ">
      <subfield code="t">Ecology.</subfield>
      <subfield code="g">2017 Feb., v. 98, no. 2 p.478-488</subfield>
      <subfield code="d">John Wiley &amp; Sons, Ltd</subfield>
      <subfield code="w">Journal:27815</subfield>
      <subfield code="x">0012-9658</subfield>
      <subfield code="7">nnas</subfield>
    </datafield>
    <datafield tag="787" ind1="1" ind2=" ">
      <subfield code="o">islandora_article_repository</subfield>
    </datafield>
    <datafield tag="787" ind1="1" ind2=" ">
      <subfield code="o">product_pubag</subfield>
    </datafield>
    <datafield tag="787" ind1="1" ind2=" ">
      <subfield code="o">(Journal)jnl46164</subfield>
    </datafield>
    <datafield tag="787" ind1="1" ind2=" ">
      <subfield code="o">(Journal)27815</subfield>
    </datafield>
    <datafield tag="856" ind1="4" ind2="0">
      <subfield code="u">http://dx.doi.org/10.1002/ecy.1659</subfield>
      <subfield code="3">Available from publisher's site</subfield>
    </datafield>
    <datafield tag="903" ind1=" " ind2=" ">
      <subfield code="a">Version of Record</subfield>
    </datafield>
    <datafield tag="912" ind1=" " ind2=" ">
      <subfield code="a">Article</subfield>
    </datafield>
    <datafield tag="914" ind1=" " ind2=" ">
      <subfield code="a">Journal:jnl46164</subfield>
      <subfield code="b">0012-9658</subfield>
      <subfield code="c">98</subfield>
      <subfield code="d">2</subfield>
      <subfield code="e">478</subfield>
    </datafield>
    <datafield tag="914" ind1=" " ind2=" ">
      <subfield code="a">Journal:27815</subfield>
      <subfield code="b">0012-9658</subfield>
      <subfield code="c">98</subfield>
      <subfield code="d">2</subfield>
      <subfield code="e">478</subfield>
    </datafield>
    <datafield tag="914" ind1=" " ind2=" ">
      <subfield code="f">Ecology</subfield>
    </datafield>
    <datafield tag="916" ind1=" " ind2=" ">
      <subfield code="a">Batch:1792</subfield>
    </datafield>
    <datafield tag="917" ind1=" " ind2=" ">
      <subfield code="a">issued</subfield>
    </datafield>
    <datafield tag="918" ind1="2" ind2=" ">
      <subfield code="a">John Wiley &amp; Sons, Inc</subfield>
      <subfield code="e">provider</subfield>
      <subfield code="5">DNAL</subfield>
    </datafield>
    <datafield tag="935" ind1=" " ind2=" ">
      <subfield code="a">IND605712437</subfield>
      <subfield code="9">ExL</subfield>
    </datafield>
    <datafield tag="949" ind1=" " ind2=" ">
      <subfield code="a">2020-03-06</subfield>
    </datafield>
    <datafield tag="953" ind1=" " ind2=" ">
      <subfield code="a">00129658_2017_98_2.xml</subfield>
    </datafield>
    <datafield tag="961" ind1=" " ind2=" ">
      <subfield code="a">USDA/ARS</subfield>
    </datafield>
    <datafield tag="962" ind1=" " ind2=" ">
      <subfield code="a">Batch:1792 reviewed on 2017-08-28T11:00:03Z</subfield>
    </datafield>
    <datafield tag="974" ind1=" " ind2=" ">
      <subfield code="a">agid:5712437</subfield>
    </datafield>
    <datafield tag="983" ind1=" " ind2=" ">
      <subfield code="a">2017-07-12</subfield>
    </datafield>
    <datafield tag="984" ind1=" " ind2=" ">
      <subfield code="a">2020-03-06</subfield>
    </datafield>
  </record>