
  <record>
    <leader>05318nab a2200673 u 4500</leader>
    <controlfield tag="001">9916264189207426</controlfield>
    <controlfield tag="005">20221118051657.0</controlfield>
    <controlfield tag="008">190803e201906 xx |||||o|||||||||||eng||</controlfield>
    <datafield tag="016" ind1="7" ind2=" ">
      <subfield code="a">IND606452416</subfield>
      <subfield code="2">DNAL</subfield>
    </datafield>
    <datafield tag="024" ind1="7" ind2=" ">
      <subfield code="a">10.1007/s00382-018-4515-6</subfield>
      <subfield code="2">doi</subfield>
    </datafield>
    <datafield tag="035" ind1=" " ind2=" ">
      <subfield code="a">agid:6452416-01nal_inst</subfield>
    </datafield>
    <datafield tag="040" ind1=" " ind2=" ">
      <subfield code="a">AGL</subfield>
      <subfield code="b">eng</subfield>
      <subfield code="c">AGL</subfield>
    </datafield>
    <datafield tag="100" ind1="1" ind2=" ">
      <subfield code="a">Li, Qiang</subfield>
      <subfield code="e">author</subfield>
      <subfield code="u">State Key Laboratory of Loess and Quaternary Geology, Institute of Earth
        Environment, Chinese Academy of Sciences, Xi’an, 710061, China. liqiang@ieecas.cn</subfield>
      <subfield code="1">https://orcid.org/0000-0001-7763-8115</subfield>
    </datafield>
    <datafield tag="245" ind1="1" ind2="0">
      <subfield code="a">East Asian Summer Monsoon moisture sustains summer relative humidity in the
        southwestern Gobi Desert, China: evidence from δ18O of tree rings</subfield>
    </datafield>
    <datafield tag="300" ind1=" " ind2=" ">
      <subfield code="a">p. 6321-6337.</subfield>
    </datafield>
    <datafield tag="520" ind1=" " ind2=" ">
      <subfield code="a">The dominant climate-controlling system of the southwestern Gobi Desert and
        its surrounding areas in China at interannual to centennial time scale has not been
        determined. It is necessary to improve our understanding of the humidity variations in the
        past and forcing mechanisms in the southwestern Gobi Desert to enhance the accuracy of
        climate model predictions and cope with future desert advance/retreat crises resulting from
        climate change. We measured the annual stable oxygen isotope ratio (δ¹⁸O) in the cellulose
        of four Picea crassifolia trees growing on the fringe of the southwestern Gobi Desert from
        1806 to 2011. Our tree-ring cellulose δ¹⁸O values (34.49‰) were considerably higher than
        those reported in other regions of Asia, suggesting that the southwestern Gobi Desert has
        been extremely arid over the past two centuries. The chronology of tree-ring cellulose δ¹⁸O
        is significantly (p &lt; 0.01) negatively correlated with summer (June, July, and August)
        relative humidity (RH) records from 12 meteorological stations nearby our study region
        (Table 1). Based on the high correlation (r = − 0.740, p &lt; 0.0001, n = 49) between
        tree-ring cellulose δ¹⁸O and instrumental summer RH from meteorological stations nearby our
        study region, we reconstructed summer RH variations during the past 206 years. Spatial
        correlation patterns between our reconstruction and several hydroclimate-related gridded
        data sets indicate that the reconstruction is representative of hydroclimate variations over
        a large area. Close agreement was observed between our reconstruction and several East Asian
        Summer Monsoon-related hydroclimate records. Our study indicates that the moisture from the
        east has introduced the RH to the southwestern Gobi Desert during the summer months over the
        past two centuries.</subfield>
    </datafield>
    <datafield tag="592" ind1=" " ind2=" ">
      <subfield code="a">Publisher supplied data</subfield>
    </datafield>
    <datafield tag="593" ind1=" " ind2=" ">
      <subfield code="a">PubAg article</subfield>
    </datafield>
    <datafield tag="650" ind1=" " ind2="3">
      <subfield code="a">Picea crassifolia</subfield>
    </datafield>
    <datafield tag="650" ind1=" " ind2="3">
      <subfield code="a">cellulose</subfield>
    </datafield>
    <datafield tag="650" ind1=" " ind2="3">
      <subfield code="a">climate</subfield>
    </datafield>
    <datafield tag="650" ind1=" " ind2="3">
      <subfield code="a">climate change</subfield>
    </datafield>
    <datafield tag="650" ind1=" " ind2="3">
      <subfield code="a">climate models</subfield>
    </datafield>
    <datafield tag="650" ind1=" " ind2="3">
      <subfield code="a">data collection</subfield>
    </datafield>
    <datafield tag="650" ind1=" " ind2="3">
      <subfield code="a">growth rings</subfield>
    </datafield>
    <datafield tag="650" ind1=" " ind2="3">
      <subfield code="a">monsoon season</subfield>
    </datafield>
    <datafield tag="650" ind1=" " ind2="3">
      <subfield code="a">oxygen</subfield>
    </datafield>
    <datafield tag="650" ind1=" " ind2="3">
      <subfield code="a">relative humidity</subfield>
    </datafield>
    <datafield tag="650" ind1=" " ind2="3">
      <subfield code="a">stable isotopes</subfield>
    </datafield>
    <datafield tag="650" ind1=" " ind2="3">
      <subfield code="a">summer</subfield>
    </datafield>
    <datafield tag="651" ind1=" " ind2="3">
      <subfield code="a">China</subfield>
    </datafield>
    <datafield tag="651" ind1=" " ind2="3">
      <subfield code="a">Gobi Desert</subfield>
    </datafield>
    <datafield tag="700" ind1="1" ind2=" ">
      <subfield code="a">Liu, Yu</subfield>
      <subfield code="e">author</subfield>
      <subfield code="u">State Key Laboratory of Loess and Quaternary Geology, Institute of Earth
        Environment, Chinese Academy of Sciences, Xi’an, 710061, China.
        liuyu@loess.llqg.ac.cn</subfield>
    </datafield>
    <datafield tag="700" ind1="1" ind2=" ">
      <subfield code="a">Nakatsuka, Takeshi</subfield>
      <subfield code="e">author</subfield>
      <subfield code="u">Research Institute of Humanity and Nature, 457-4 Motoyama, Kamigamo,
        Kita-ku, Kyoto, 603-8047, Japan</subfield>
    </datafield>
    <datafield tag="700" ind1="1" ind2=" ">
      <subfield code="a">Fang, Keyan</subfield>
      <subfield code="e">author</subfield>
      <subfield code="u">Key Laboratory of Humid Subtropical Eco-geographical Process (Ministry of
        Education), College of Geographical Sciences, Fujian Normal University, Fuzhou, 350007,
        China</subfield>
    </datafield>
    <datafield tag="700" ind1="1" ind2=" ">
      <subfield code="a">Song, Huiming</subfield>
      <subfield code="e">author</subfield>
      <subfield code="u">State Key Laboratory of Loess and Quaternary Geology, Institute of Earth
        Environment, Chinese Academy of Sciences, Xi’an, 710061, China</subfield>
    </datafield>
    <datafield tag="700" ind1="1" ind2=" ">
      <subfield code="a">Liu, Ruoshi</subfield>
      <subfield code="e">author</subfield>
      <subfield code="u">School of Human Settlements and Civil Engineering, Xi’an Jiaotong
        University, Xi’an, 710049, China</subfield>
    </datafield>
    <datafield tag="700" ind1="1" ind2=" ">
      <subfield code="a">Sun, Changfeng</subfield>
      <subfield code="e">author</subfield>
      <subfield code="u">State Key Laboratory of Loess and Quaternary Geology, Institute of Earth
        Environment, Chinese Academy of Sciences, Xi’an, 710061, China</subfield>
    </datafield>
    <datafield tag="700" ind1="1" ind2=" ">
      <subfield code="a">Li, Gang</subfield>
      <subfield code="e">author</subfield>
      <subfield code="u">Dongdashan Natural Reserve, Ganzhou District, Zhangye, 734000,
        China</subfield>
    </datafield>
    <datafield tag="700" ind1="1" ind2=" ">
      <subfield code="a">Wang, Ke</subfield>
      <subfield code="e">author</subfield>
      <subfield code="u">Dongdashan Natural Reserve, Ganzhou District, Zhangye, 734000,
        China</subfield>
    </datafield>
    <datafield tag="773" ind1="0" ind2=" ">
      <subfield code="t">Climate dynamics.</subfield>
      <subfield code="g">2019 June, v. 52, no. 11 p.6321-6337</subfield>
      <subfield code="d">Springer Berlin Heidelberg</subfield>
      <subfield code="w">Journal:jnl3895934</subfield>
      <subfield code="x">0930-7575</subfield>
      <subfield code="7">nnas</subfield>
    </datafield>
    <datafield tag="787" ind1="1" ind2=" ">
      <subfield code="o">islandora_article_repository</subfield>
    </datafield>
    <datafield tag="787" ind1="1" ind2=" ">
      <subfield code="o">product_pubag</subfield>
    </datafield>
    <datafield tag="787" ind1="1" ind2=" ">
      <subfield code="o">(Journal)jnl3895934</subfield>
    </datafield>
    <datafield tag="856" ind1="4" ind2="0">
      <subfield code="u">https://dx.doi.org/10.1007/s00382-018-4515-6</subfield>
      <subfield code="3">Available from publisher's site</subfield>
    </datafield>
    <datafield tag="912" ind1=" " ind2=" ">
      <subfield code="a">Article</subfield>
    </datafield>
    <datafield tag="914" ind1=" " ind2=" ">
      <subfield code="a">Journal:jnl3895934</subfield>
      <subfield code="b">0930-7575</subfield>
      <subfield code="c">52</subfield>
      <subfield code="d">11</subfield>
      <subfield code="e">6321</subfield>
    </datafield>
    <datafield tag="914" ind1=" " ind2=" ">
      <subfield code="f">Climate dynamics</subfield>
    </datafield>
    <datafield tag="916" ind1=" " ind2=" ">
      <subfield code="a">Batch:2238</subfield>
    </datafield>
    <datafield tag="917" ind1=" " ind2=" ">
      <subfield code="a">issued</subfield>
    </datafield>
    <datafield tag="918" ind1="2" ind2=" ">
      <subfield code="a">Springer</subfield>
      <subfield code="e">provider</subfield>
      <subfield code="5">DNAL</subfield>
    </datafield>
    <datafield tag="935" ind1=" " ind2=" ">
      <subfield code="a">IND606452416</subfield>
      <subfield code="9">ExL</subfield>
    </datafield>
    <datafield tag="949" ind1=" " ind2=" ">
      <subfield code="a">2019-08-03</subfield>
    </datafield>
    <datafield tag="953" ind1=" " ind2=" ">
      <subfield code="a">/data/metadata/incoming/springer/ftp_PUB_19-08-03_05-58-29.zip</subfield>
    </datafield>
    <datafield tag="954" ind1=" " ind2=" ">
      <subfield code="a">file:/data/metadata/staging/springer/00382-52-11.xml</subfield>
    </datafield>
    <datafield tag="955" ind1=" " ind2=" ">
      <subfield code="a">/data/metadata/staging/springer/</subfield>
    </datafield>
    <datafield tag="974" ind1=" " ind2=" ">
      <subfield code="a">agid:6452416</subfield>
    </datafield>
    <datafield tag="983" ind1=" " ind2=" ">
      <subfield code="a">2019-08-03</subfield>
    </datafield>
    <datafield tag="984" ind1=" " ind2=" ">
      <subfield code="a">2019-08-03</subfield>
    </datafield>
  </record>