
  <record>
    <leader>03707nab a2200661 u 4500</leader>
    <controlfield tag="001">9916264190407426</controlfield>
    <controlfield tag="005">20221118051805.0</controlfield>
    <controlfield tag="008">190803e201906 xx |||||o|||||||||||eng||</controlfield>
    <datafield tag="016" ind1="7" ind2=" ">
      <subfield code="a">IND606452414</subfield>
      <subfield code="2">DNAL</subfield>
    </datafield>
    <datafield tag="024" ind1="7" ind2=" ">
      <subfield code="a">10.1007/s00382-018-4530-7</subfield>
      <subfield code="2">doi</subfield>
    </datafield>
    <datafield tag="035" ind1=" " ind2=" ">
      <subfield code="a">agid:6452414-01nal_inst</subfield>
    </datafield>
    <datafield tag="040" ind1=" " ind2=" ">
      <subfield code="a">AGL</subfield>
      <subfield code="b">eng</subfield>
      <subfield code="c">AGL</subfield>
    </datafield>
    <datafield tag="100" ind1="1" ind2=" ">
      <subfield code="a">Nagavciuc, Viorica</subfield>
      <subfield code="e">author</subfield>
      <subfield code="u">Faculty of Forestry, Ștefan cel Mare University, Suceava, Romania.
        nagavciuc.viorica@gmail.com</subfield>
      <subfield code="1">https://orcid.org/0000-0003-1111-9616</subfield>
    </datafield>
    <datafield tag="245" ind1="1" ind2="0">
      <subfield code="a">Stable oxygen isotopes in Romanian oak tree rings record summer droughts
        and associated large-scale circulation patterns over Europe</subfield>
    </datafield>
    <datafield tag="300" ind1=" " ind2=" ">
      <subfield code="a">p. 6557-6568.</subfield>
    </datafield>
    <datafield tag="520" ind1=" " ind2=" ">
      <subfield code="a">We present the first annual oxygen isotope record (1900–2016) from the
        latewood (LW) cellulose of oak trees (Quercus robur) from NW Romania. As expected, the
        results correlate negatively with summer relative humidity, sunshine duration and
        precipitation and positively with summer maximum temperature. Spatial correlation analysis
        reveals a clear signal reflecting drought conditions at a European scale. Interannual
        variability is influenced by large-scale atmospheric circulation and by surface temperatures
        in the North Atlantic Ocean and the Mediterranean Sea. There is considerable potential to
        produce long and well-replicated oak tree ring stable isotope chronologies in Romania which
        would allow reconstructions of both regional drought and large-scale circulation variability
        over southern and central Europe.</subfield>
    </datafield>
    <datafield tag="592" ind1=" " ind2=" ">
      <subfield code="a">Publisher supplied data</subfield>
    </datafield>
    <datafield tag="593" ind1=" " ind2=" ">
      <subfield code="a">PubAg article</subfield>
    </datafield>
    <datafield tag="650" ind1=" " ind2="3">
      <subfield code="a">Quercus robur</subfield>
    </datafield>
    <datafield tag="650" ind1=" " ind2="3">
      <subfield code="a">atmospheric circulation</subfield>
    </datafield>
    <datafield tag="650" ind1=" " ind2="3">
      <subfield code="a">cellulose</subfield>
    </datafield>
    <datafield tag="650" ind1=" " ind2="3">
      <subfield code="a">climate</subfield>
    </datafield>
    <datafield tag="650" ind1=" " ind2="3">
      <subfield code="a">drought</subfield>
    </datafield>
    <datafield tag="650" ind1=" " ind2="3">
      <subfield code="a">latewood</subfield>
    </datafield>
    <datafield tag="650" ind1=" " ind2="3">
      <subfield code="a">oxygen</subfield>
    </datafield>
    <datafield tag="650" ind1=" " ind2="3">
      <subfield code="a">relative humidity</subfield>
    </datafield>
    <datafield tag="650" ind1=" " ind2="3">
      <subfield code="a">solar radiation</subfield>
    </datafield>
    <datafield tag="650" ind1=" " ind2="3">
      <subfield code="a">stable isotopes</subfield>
    </datafield>
    <datafield tag="650" ind1=" " ind2="3">
      <subfield code="a">summer</subfield>
    </datafield>
    <datafield tag="650" ind1=" " ind2="3">
      <subfield code="a">surface temperature</subfield>
    </datafield>
    <datafield tag="651" ind1=" " ind2="3">
      <subfield code="a">Atlantic Ocean</subfield>
    </datafield>
    <datafield tag="651" ind1=" " ind2="3">
      <subfield code="a">Central European region</subfield>
    </datafield>
    <datafield tag="651" ind1=" " ind2="3">
      <subfield code="a">Mediterranean Sea</subfield>
    </datafield>
    <datafield tag="651" ind1=" " ind2="3">
      <subfield code="a">Romania</subfield>
    </datafield>
    <datafield tag="700" ind1="1" ind2=" ">
      <subfield code="a">Ionita, Monica</subfield>
      <subfield code="e">author</subfield>
      <subfield code="u">Paleoclimate Dynamics Group, Alfred-Wegener-Institute for Polar and Marine
        Research, Bussestrasse 24, 27570, Bremerhaven, Germany</subfield>
    </datafield>
    <datafield tag="700" ind1="1" ind2=" ">
      <subfield code="a">Perșoiu, Aurel</subfield>
      <subfield code="e">author</subfield>
      <subfield code="u">Stable Isotope Laboratory, Ștefan cel Mare University, Suceava,
        Romania</subfield>
      <subfield code="1">https://orcid.org/0000-0001-9506-0070</subfield>
    </datafield>
    <datafield tag="700" ind1="1" ind2=" ">
      <subfield code="a">Popa, Ionel</subfield>
      <subfield code="e">author</subfield>
      <subfield code="u">National Research and Development Institute for Silviculture Marin Drăcea,
        Câmpulung Moldovenesc, Romania</subfield>
    </datafield>
    <datafield tag="700" ind1="1" ind2=" ">
      <subfield code="a">Loader, Neil J.</subfield>
      <subfield code="e">author</subfield>
      <subfield code="u">Department of Geography, College of Science, Swansea University, Singleton
        Park, Swansea, SA2 8PP, UK</subfield>
    </datafield>
    <datafield tag="700" ind1="1" ind2=" ">
      <subfield code="a">McCarroll, Danny</subfield>
      <subfield code="e">author</subfield>
      <subfield code="u">Department of Geography, College of Science, Swansea University, Singleton
        Park, Swansea, SA2 8PP, UK</subfield>
    </datafield>
    <datafield tag="773" ind1="0" ind2=" ">
      <subfield code="t">Climate dynamics.</subfield>
      <subfield code="g">2019 June, v. 52, no. 11 p.6557-6568</subfield>
      <subfield code="d">Springer Berlin Heidelberg</subfield>
      <subfield code="w">Journal:jnl3895934</subfield>
      <subfield code="x">0930-7575</subfield>
      <subfield code="7">nnas</subfield>
    </datafield>
    <datafield tag="787" ind1="1" ind2=" ">
      <subfield code="o">islandora_article_repository</subfield>
    </datafield>
    <datafield tag="787" ind1="1" ind2=" ">
      <subfield code="o">product_pubag</subfield>
    </datafield>
    <datafield tag="787" ind1="1" ind2=" ">
      <subfield code="o">(Journal)jnl3895934</subfield>
    </datafield>
    <datafield tag="856" ind1="4" ind2="0">
      <subfield code="u">https://dx.doi.org/10.1007/s00382-018-4530-7</subfield>
      <subfield code="3">Available from publisher's site</subfield>
    </datafield>
    <datafield tag="912" ind1=" " ind2=" ">
      <subfield code="a">Article</subfield>
    </datafield>
    <datafield tag="914" ind1=" " ind2=" ">
      <subfield code="a">Journal:jnl3895934</subfield>
      <subfield code="b">0930-7575</subfield>
      <subfield code="c">52</subfield>
      <subfield code="d">11</subfield>
      <subfield code="e">6557</subfield>
    </datafield>
    <datafield tag="914" ind1=" " ind2=" ">
      <subfield code="f">Climate dynamics</subfield>
    </datafield>
    <datafield tag="916" ind1=" " ind2=" ">
      <subfield code="a">Batch:2238</subfield>
    </datafield>
    <datafield tag="917" ind1=" " ind2=" ">
      <subfield code="a">issued</subfield>
    </datafield>
    <datafield tag="918" ind1="2" ind2=" ">
      <subfield code="a">Springer</subfield>
      <subfield code="e">provider</subfield>
      <subfield code="5">DNAL</subfield>
    </datafield>
    <datafield tag="935" ind1=" " ind2=" ">
      <subfield code="a">IND606452414</subfield>
      <subfield code="9">ExL</subfield>
    </datafield>
    <datafield tag="949" ind1=" " ind2=" ">
      <subfield code="a">2019-08-03</subfield>
    </datafield>
    <datafield tag="953" ind1=" " ind2=" ">
      <subfield code="a">/data/metadata/incoming/springer/ftp_PUB_19-08-03_05-58-29.zip</subfield>
    </datafield>
    <datafield tag="954" ind1=" " ind2=" ">
      <subfield code="a">file:/data/metadata/staging/springer/00382-52-11.xml</subfield>
    </datafield>
    <datafield tag="955" ind1=" " ind2=" ">
      <subfield code="a">/data/metadata/staging/springer/</subfield>
    </datafield>
    <datafield tag="974" ind1=" " ind2=" ">
      <subfield code="a">agid:6452414</subfield>
    </datafield>
    <datafield tag="983" ind1=" " ind2=" ">
      <subfield code="a">2019-08-03</subfield>
    </datafield>
    <datafield tag="984" ind1=" " ind2=" ">
      <subfield code="a">2019-08-03</subfield>
    </datafield>
  </record>