
  <record>
    <leader>04746nab a2200661 u 4500</leader>
    <controlfield tag="001">9916264195207426</controlfield>
    <controlfield tag="005">20221118051617.0</controlfield>
    <controlfield tag="008">190803e201906 xx |||||o|||||||||||eng||</controlfield>
    <datafield tag="016" ind1="7" ind2=" ">
      <subfield code="a">IND606452405</subfield>
      <subfield code="2">DNAL</subfield>
    </datafield>
    <datafield tag="024" ind1="7" ind2=" ">
      <subfield code="a">10.1007/s00382-018-4513-8</subfield>
      <subfield code="2">doi</subfield>
    </datafield>
    <datafield tag="035" ind1=" " ind2=" ">
      <subfield code="a">agid:6452405-01nal_inst</subfield>
    </datafield>
    <datafield tag="040" ind1=" " ind2=" ">
      <subfield code="a">AGL</subfield>
      <subfield code="b">eng</subfield>
      <subfield code="c">AGL</subfield>
    </datafield>
    <datafield tag="100" ind1="1" ind2=" ">
      <subfield code="a">Wanamaker, Alan D., Jr.</subfield>
      <subfield code="e">author</subfield>
      <subfield code="u">Department of Geological and Atmospheric Sciences, Iowa State University,
        Ames, IA, 50011, USA. adw@iastate.edu</subfield>
      <subfield code="1">https://orcid.org/0000-0002-6560-6420</subfield>
    </datafield>
    <datafield tag="245" ind1="1" ind2="0">
      <subfield code="a">Pacific climate influences on ocean conditions and extreme shell growth
        events in the Northwestern Atlantic (Gulf of Maine)</subfield>
    </datafield>
    <datafield tag="300" ind1=" " ind2=" ">
      <subfield code="a">p. 6339-6356.</subfield>
    </datafield>
    <datafield tag="520" ind1=" " ind2=" ">
      <subfield code="a">The Gulf of Maine is undergoing rapid environmental and ecological changes,
        yet our spatial and temporal understanding of the climatic and hydrographic variability in
        this region, including extreme events, is limited and biased to recent decades. In this
        study, we utilize a highly replicated, multi-century master shell growth chronology derived
        from the annual increments formed in the shells of the long-lived bivalve Arctica islandica
        collected in 38 m from the central coastal region in the Gulf of Maine. Our results indicate
        that shell growth is highly synchronous and inversely related to local seawater
        temperatures. Using composite analyses of extreme shell growth events from CE 1900 to 2013,
        we extend our understanding of the factors driving oceanic variability and shell growth in
        the Northwestern Atlantic back to CE 1761. We suggest that extreme shell growth events are
        primarily controlled by Gulf of Maine sea surface temperature (SST) and stratification
        conditions, which in turn appear to be largely influenced by SST patterns in the Pacific
        Ocean through their influence on mid-latitude atmospheric circulation patterns and the
        location of the eddy-driven jet. The large-scale jet dynamics during these extreme years
        manifest as precipitation and moisture transport anomalies and regional SST conditions in
        the Gulf of Maine that either enhance or inhibit shell growth. Pacific climate variability
        is thus an important, yet understudied, influence on Gulf of Maine ocean
        conditions.</subfield>
    </datafield>
    <datafield tag="592" ind1=" " ind2=" ">
      <subfield code="a">Publisher supplied data</subfield>
    </datafield>
    <datafield tag="593" ind1=" " ind2=" ">
      <subfield code="a">PubAg article</subfield>
    </datafield>
    <datafield tag="596" ind1=" " ind2=" ">
      <subfield code="a">1003438</subfield>
      <subfield code="c">National Science Foundation</subfield>
    </datafield>
    <datafield tag="596" ind1=" " ind2=" ">
      <subfield code="a">1003423</subfield>
      <subfield code="c">National Science Foundation</subfield>
    </datafield>
    <datafield tag="596" ind1=" " ind2=" ">
      <subfield code="a">1602009</subfield>
      <subfield code="c">National Science Foundation</subfield>
    </datafield>
    <datafield tag="650" ind1=" " ind2="3">
      <subfield code="a">Arctica islandica</subfield>
    </datafield>
    <datafield tag="650" ind1=" " ind2="3">
      <subfield code="a">atmospheric circulation</subfield>
    </datafield>
    <datafield tag="650" ind1=" " ind2="3">
      <subfield code="a">climate</subfield>
    </datafield>
    <datafield tag="650" ind1=" " ind2="3">
      <subfield code="a">coasts</subfield>
    </datafield>
    <datafield tag="650" ind1=" " ind2="3">
      <subfield code="a">latitude</subfield>
    </datafield>
    <datafield tag="650" ind1=" " ind2="3">
      <subfield code="a">moisture diffusivity</subfield>
    </datafield>
    <datafield tag="650" ind1=" " ind2="3">
      <subfield code="a">seawater</subfield>
    </datafield>
    <datafield tag="650" ind1=" " ind2="3">
      <subfield code="a">surface water temperature</subfield>
    </datafield>
    <datafield tag="651" ind1=" " ind2="3">
      <subfield code="a">Gulf of Maine</subfield>
    </datafield>
    <datafield tag="651" ind1=" " ind2="3">
      <subfield code="a">Pacific Ocean</subfield>
    </datafield>
    <datafield tag="700" ind1="1" ind2=" ">
      <subfield code="a">Griffin, Shelly M.</subfield>
      <subfield code="e">author</subfield>
      <subfield code="u">Department of Geological and Atmospheric Sciences, Iowa State University,
        Ames, IA, 50011, USA</subfield>
    </datafield>
    <datafield tag="700" ind1="1" ind2=" ">
      <subfield code="a">Ummenhofer, Caroline C.</subfield>
      <subfield code="e">author</subfield>
      <subfield code="u">Department of Physical Oceanography, Woods Hole Oceanographic Institution,
        Woods Hole, MA, 02543, USA</subfield>
    </datafield>
    <datafield tag="700" ind1="1" ind2=" ">
      <subfield code="a">Whitney, Nina M.</subfield>
      <subfield code="e">author</subfield>
      <subfield code="u">Department of Geological and Atmospheric Sciences, Iowa State University,
        Ames, IA, 50011, USA</subfield>
    </datafield>
    <datafield tag="700" ind1="1" ind2=" ">
      <subfield code="a">Black, Bryan</subfield>
      <subfield code="e">author</subfield>
      <subfield code="u">Laboratory of Tree-Ring Research, University of Arizona, Tucson, AZ, 85721,
        USA</subfield>
    </datafield>
    <datafield tag="700" ind1="1" ind2=" ">
      <subfield code="a">Parfitt, Rhys</subfield>
      <subfield code="e">author</subfield>
      <subfield code="u">Department of Physical Oceanography, Woods Hole Oceanographic Institution,
        Woods Hole, MA, 02543, USA</subfield>
    </datafield>
    <datafield tag="700" ind1="1" ind2=" ">
      <subfield code="a">Lower-Spies, Erin E.</subfield>
      <subfield code="e">author</subfield>
      <subfield code="u">Department of Geological and Atmospheric Sciences, Iowa State University,
        Ames, IA, 50011, USA</subfield>
    </datafield>
    <datafield tag="700" ind1="1" ind2=" ">
      <subfield code="a">Introne, Douglas</subfield>
      <subfield code="e">author</subfield>
      <subfield code="u">School of Earth and Climate Sciences and Climate Change Institute,
        University of Maine, Orono, ME, 04469, USA</subfield>
    </datafield>
    <datafield tag="700" ind1="1" ind2=" ">
      <subfield code="a">Kreutz, Karl J.</subfield>
      <subfield code="e">author</subfield>
      <subfield code="u">School of Earth and Climate Sciences and Climate Change Institute,
        University of Maine, Orono, ME, 04469, USA</subfield>
    </datafield>
    <datafield tag="773" ind1="0" ind2=" ">
      <subfield code="t">Climate dynamics.</subfield>
      <subfield code="g">2019 June, v. 52, no. 11 p.6339-6356</subfield>
      <subfield code="d">Springer Berlin Heidelberg</subfield>
      <subfield code="w">Journal:jnl3895934</subfield>
      <subfield code="x">0930-7575</subfield>
      <subfield code="7">nnas</subfield>
    </datafield>
    <datafield tag="787" ind1="1" ind2=" ">
      <subfield code="o">islandora_article_repository</subfield>
    </datafield>
    <datafield tag="787" ind1="1" ind2=" ">
      <subfield code="o">product_pubag</subfield>
    </datafield>
    <datafield tag="787" ind1="1" ind2=" ">
      <subfield code="o">(Journal)jnl3895934</subfield>
    </datafield>
    <datafield tag="856" ind1="4" ind2="0">
      <subfield code="u">https://dx.doi.org/10.1007/s00382-018-4513-8</subfield>
      <subfield code="3">Available from publisher's site</subfield>
    </datafield>
    <datafield tag="912" ind1=" " ind2=" ">
      <subfield code="a">Article</subfield>
    </datafield>
    <datafield tag="914" ind1=" " ind2=" ">
      <subfield code="a">Journal:jnl3895934</subfield>
      <subfield code="b">0930-7575</subfield>
      <subfield code="c">52</subfield>
      <subfield code="d">11</subfield>
      <subfield code="e">6339</subfield>
    </datafield>
    <datafield tag="914" ind1=" " ind2=" ">
      <subfield code="f">Climate dynamics</subfield>
    </datafield>
    <datafield tag="916" ind1=" " ind2=" ">
      <subfield code="a">Batch:2238</subfield>
    </datafield>
    <datafield tag="917" ind1=" " ind2=" ">
      <subfield code="a">issued</subfield>
    </datafield>
    <datafield tag="918" ind1="2" ind2=" ">
      <subfield code="a">Springer</subfield>
      <subfield code="e">provider</subfield>
      <subfield code="5">DNAL</subfield>
    </datafield>
    <datafield tag="935" ind1=" " ind2=" ">
      <subfield code="a">IND606452405</subfield>
      <subfield code="9">ExL</subfield>
    </datafield>
    <datafield tag="949" ind1=" " ind2=" ">
      <subfield code="a">2019-08-03</subfield>
    </datafield>
    <datafield tag="953" ind1=" " ind2=" ">
      <subfield code="a">/data/metadata/incoming/springer/ftp_PUB_19-08-03_05-58-29.zip</subfield>
    </datafield>
    <datafield tag="954" ind1=" " ind2=" ">
      <subfield code="a">file:/data/metadata/staging/springer/00382-52-11.xml</subfield>
    </datafield>
    <datafield tag="955" ind1=" " ind2=" ">
      <subfield code="a">/data/metadata/staging/springer/</subfield>
    </datafield>
    <datafield tag="974" ind1=" " ind2=" ">
      <subfield code="a">agid:6452405</subfield>
    </datafield>
    <datafield tag="983" ind1=" " ind2=" ">
      <subfield code="a">2019-08-03</subfield>
    </datafield>
    <datafield tag="984" ind1=" " ind2=" ">
      <subfield code="a">2019-08-03</subfield>
    </datafield>
  </record>