
  <record>
    <leader>05353nab a2200805 u 4500</leader>
    <controlfield tag="001">9916264584507426</controlfield>
    <controlfield tag="005">20221118051541.0</controlfield>
    <controlfield tag="008">221004e20221201xx |||||o|||||||||||eng||</controlfield>
    <datafield tag="016" ind1="7" ind2=" ">
      <subfield code="a">IND607938978</subfield>
      <subfield code="2">DNAL</subfield>
    </datafield>
    <datafield tag="024" ind1="7" ind2=" ">
      <subfield code="a">10.1016/j.envpol.2022.120197</subfield>
      <subfield code="2">doi</subfield>
    </datafield>
    <datafield tag="035" ind1=" " ind2=" ">
      <subfield code="a">agid:7938978-01nal_inst</subfield>
    </datafield>
    <datafield tag="040" ind1=" " ind2=" ">
      <subfield code="a">AGL</subfield>
      <subfield code="b">eng</subfield>
      <subfield code="c">AGL</subfield>
    </datafield>
    <datafield tag="100" ind1="1" ind2=" ">
      <subfield code="a">Ponette-González, Alexandra G.</subfield>
      <subfield code="e">author</subfield>
      <subfield code="u">Department of Geography and the Environment, University of North Texas,
        1155 Union Circle #305279, Denton, TX 76203, USA</subfield>
      <subfield code="1">https://orcid.org/0000-0003-2908-2938</subfield>
    </datafield>
    <datafield tag="245" ind1="1" ind2="0">
      <subfield code="a">Urban edge trees: Urban form and meteorology drive elemental carbon
        deposition to canopies and soils</subfield>
    </datafield>
    <datafield tag="506" ind1=" " ind2=" ">
      <subfield code="a">Creative Commons Attribution 4.0 Generic (CC BY-NC 4.0)</subfield>
      <subfield code="u">http://creativecommons.org/licenses/by-nc/4.0/</subfield>
      <subfield code="f">Unrestricted online access</subfield>
      <subfield code="2">star</subfield>
    </datafield>
    <datafield tag="506" ind1=" " ind2=" ">
      <subfield code="a">Resource is Open Access</subfield>
      <subfield code="u">http://purl.org/eprint/accessRights/OpenAccess</subfield>
      <subfield code="f">Unrestricted online access</subfield>
      <subfield code="2">star</subfield>
    </datafield>
    <datafield tag="520" ind1=" " ind2=" ">
      <subfield code="a">Urban tree canopies are a significant sink for atmospheric elemental carbon
        (EC)––an air pollutant that is a powerful climate-forcing agent and threat to human health.
        Understanding what controls EC deposition to urban trees is therefore important for
        evaluating the potential role of vegetation in air pollution mitigation strategies. We
        estimated wet, dry, and throughfall EC deposition for oak trees at 53 sites in Denton, TX.
        Spatial data and airborne discrete-return LiDAR were used to compute predictors of EC
        deposition, including urban form characteristics, and meteorologic and topographic factors.
        Dry and throughfall EC deposition varied 14-fold across this urban ecosystem and exhibited
        significant variability from spring to fall. Generalized additive modeling and multiple
        linear regression analyses showed that urban form strongly influenced tree-scale variability
        in dry EC deposition: traffic count as well as road length and building height within
        100–150 m of trees were positively related to leaf-scale dry deposition. Rainfall amount and
        extreme wind-driven rain from the direction of major pollution sources were significant
        drivers of throughfall EC. Our findings indicate that complex configurations of roads,
        buildings, and vegetation produce “urban edge trees” that contribute to heterogeneous EC
        deposition patterns across urban systems, with implications for greenspace
        planning.</subfield>
    </datafield>
    <datafield tag="592" ind1=" " ind2=" ">
      <subfield code="a">Publisher supplied data</subfield>
    </datafield>
    <datafield tag="593" ind1=" " ind2=" ">
      <subfield code="a">PubAg article</subfield>
    </datafield>
    <datafield tag="650" ind1=" " ind2="3">
      <subfield code="a">air pollutants</subfield>
    </datafield>
    <datafield tag="650" ind1=" " ind2="3">
      <subfield code="a">air pollution</subfield>
    </datafield>
    <datafield tag="650" ind1=" " ind2="3">
      <subfield code="a">carbon</subfield>
    </datafield>
    <datafield tag="650" ind1=" " ind2="3">
      <subfield code="a">dry deposition</subfield>
    </datafield>
    <datafield tag="650" ind1=" " ind2="3">
      <subfield code="a">green infrastructure</subfield>
    </datafield>
    <datafield tag="650" ind1=" " ind2="3">
      <subfield code="a">human health</subfield>
    </datafield>
    <datafield tag="650" ind1=" " ind2="3">
      <subfield code="a">lidar</subfield>
    </datafield>
    <datafield tag="650" ind1=" " ind2="3">
      <subfield code="a">meteorology</subfield>
    </datafield>
    <datafield tag="650" ind1=" " ind2="3">
      <subfield code="a">pollution control</subfield>
    </datafield>
    <datafield tag="650" ind1=" " ind2="3">
      <subfield code="a">rain</subfield>
    </datafield>
    <datafield tag="650" ind1=" " ind2="3">
      <subfield code="a">regression analysis</subfield>
    </datafield>
    <datafield tag="650" ind1=" " ind2="3">
      <subfield code="a">spatial data</subfield>
    </datafield>
    <datafield tag="650" ind1=" " ind2="3">
      <subfield code="a">spring</subfield>
    </datafield>
    <datafield tag="650" ind1=" " ind2="3">
      <subfield code="a">throughfall</subfield>
    </datafield>
    <datafield tag="650" ind1=" " ind2="3">
      <subfield code="a">topography</subfield>
    </datafield>
    <datafield tag="650" ind1=" " ind2="3">
      <subfield code="a">traffic</subfield>
    </datafield>
    <datafield tag="650" ind1=" " ind2="3">
      <subfield code="a">trees</subfield>
    </datafield>
    <datafield tag="650" ind1=" " ind2="3">
      <subfield code="a">urban areas</subfield>
    </datafield>
    <datafield tag="650" ind1=" " ind2="3">
      <subfield code="a">vegetation</subfield>
    </datafield>
    <datafield tag="653" ind1=" " ind2="0">
      <subfield code="a">Air quality</subfield>
    </datafield>
    <datafield tag="653" ind1=" " ind2="0">
      <subfield code="a">Edge effects</subfield>
    </datafield>
    <datafield tag="653" ind1=" " ind2="0">
      <subfield code="a">Elemental carbon</subfield>
    </datafield>
    <datafield tag="653" ind1=" " ind2="0">
      <subfield code="a">Particulate matter</subfield>
    </datafield>
    <datafield tag="653" ind1=" " ind2="0">
      <subfield code="a">LiDAR</subfield>
    </datafield>
    <datafield tag="653" ind1=" " ind2="0">
      <subfield code="a">Throughfall</subfield>
    </datafield>
    <datafield tag="700" ind1="1" ind2=" ">
      <subfield code="a">Chen, Dongmei</subfield>
      <subfield code="e">author</subfield>
      <subfield code="u">Department of Geography, 1251 University of Oregon, Eugene OR 97403-1251,
        USA</subfield>
      <subfield code="1">https://orcid.org/0000-0003-0038-3411</subfield>
    </datafield>
    <datafield tag="700" ind1="1" ind2=" ">
      <subfield code="a">Elderbrock, Evan</subfield>
      <subfield code="e">author</subfield>
      <subfield code="u">Department of Landscape Architecture, 5249 University of Oregon, Eugene, OR
        97403-5249, USA</subfield>
    </datafield>
    <datafield tag="700" ind1="1" ind2=" ">
      <subfield code="a">Rindy, Jenna E.</subfield>
      <subfield code="e">author</subfield>
      <subfield code="u">Department of Geography and the Environment, University of North Texas,
        1155 Union Circle #305279, Denton, TX 76203, USA</subfield>
      <subfield code="1">https://orcid.org/0000-0001-8815-0844</subfield>
    </datafield>
    <datafield tag="700" ind1="1" ind2=" ">
      <subfield code="a">Barrett, Tate E.</subfield>
      <subfield code="e">author</subfield>
      <subfield code="u">Department of Geography and the Environment, University of North Texas,
        1155 Union Circle #305279, Denton, TX 76203, USA</subfield>
    </datafield>
    <datafield tag="700" ind1="1" ind2=" ">
      <subfield code="a">Luce, Brett W.</subfield>
      <subfield code="e">author</subfield>
      <subfield code="u">Department of Geography and the Environment, University of North Texas,
        1155 Union Circle #305279, Denton, TX 76203, USA</subfield>
      <subfield code="1">https://orcid.org/0000-0003-0370-1198</subfield>
    </datafield>
    <datafield tag="700" ind1="1" ind2=" ">
      <subfield code="a">Lee, Jun-Hak</subfield>
      <subfield code="e">author</subfield>
      <subfield code="u">Department of Landscape Architecture, 5249 University of Oregon, Eugene, OR
        97403-5249, USA</subfield>
      <subfield code="1">https://orcid.org/0000-0002-6476-1787</subfield>
    </datafield>
    <datafield tag="700" ind1="1" ind2=" ">
      <subfield code="a">Ko, Yekang</subfield>
      <subfield code="e">author</subfield>
      <subfield code="u">Department of Landscape Architecture, 5249 University of Oregon, Eugene, OR
        97403-5249, USA</subfield>
      <subfield code="1">https://orcid.org/0000-0002-8878-8028</subfield>
    </datafield>
    <datafield tag="700" ind1="1" ind2=" ">
      <subfield code="a">Weathers, Kathleen C.</subfield>
      <subfield code="e">author</subfield>
      <subfield code="u">Cary Institute of Ecosystem Studies, Box AB, Millbrook, NY 12545,
        USA</subfield>
    </datafield>
    <datafield tag="773" ind1="0" ind2=" ">
      <subfield code="t">Environmental pollution.</subfield>
      <subfield code="g">2022 Dec. 01, v. 314 p.120197-</subfield>
      <subfield code="d">Elsevier Ltd</subfield>
      <subfield code="w">Journal:jnl41014</subfield>
      <subfield code="x">0269-7491</subfield>
      <subfield code="7">nnas</subfield>
    </datafield>
    <datafield tag="787" ind1="1" ind2=" ">
      <subfield code="o">islandora_article_repository</subfield>
    </datafield>
    <datafield tag="787" ind1="1" ind2=" ">
      <subfield code="o">product_pubag</subfield>
    </datafield>
    <datafield tag="787" ind1="1" ind2=" ">
      <subfield code="o">(Journal)jnl41014</subfield>
    </datafield>
    <datafield tag="856" ind1="4" ind2="0">
      <subfield code="u">https://dx.doi.org/10.1016/j.envpol.2022.120197</subfield>
      <subfield code="3">Available from publisher's site</subfield>
    </datafield>
    <datafield tag="912" ind1=" " ind2=" ">
      <subfield code="a">Article</subfield>
    </datafield>
    <datafield tag="914" ind1=" " ind2=" ">
      <subfield code="a">Journal:jnl41014</subfield>
      <subfield code="b">0269-7491</subfield>
      <subfield code="e">120197</subfield>
    </datafield>
    <datafield tag="914" ind1=" " ind2=" ">
      <subfield code="f">Environmental pollution</subfield>
    </datafield>
    <datafield tag="917" ind1=" " ind2=" ">
      <subfield code="a">issued</subfield>
    </datafield>
    <datafield tag="918" ind1="2" ind2=" ">
      <subfield code="a">Elsevier Consyn</subfield>
      <subfield code="e">provider</subfield>
      <subfield code="5">DNAL</subfield>
    </datafield>
    <datafield tag="935" ind1=" " ind2=" ">
      <subfield code="a">IND607938978</subfield>
      <subfield code="9">ExL</subfield>
    </datafield>
    <datafield tag="949" ind1=" " ind2=" ">
      <subfield code="a">2022-09-21</subfield>
    </datafield>
    <datafield tag="953" ind1=" " ind2=" ">
      <subfield code="a">/data/metadata/incoming/consyn/222649319265401329-00002-HEAD-ONLY-NEW
        CONSYN ISSNS.ZIP</subfield>
    </datafield>
    <datafield tag="954" ind1=" " ind2=" ">
      <subfield code="a">file:/data/metadata/staging/consyn/S0269749122014117.xml</subfield>
    </datafield>
    <datafield tag="955" ind1=" " ind2=" ">
      <subfield code="a">/data/metadata/staging/consyn/</subfield>
    </datafield>
    <datafield tag="974" ind1=" " ind2=" ">
      <subfield code="a">agid:7938978</subfield>
    </datafield>
    <datafield tag="983" ind1=" " ind2=" ">
      <subfield code="a">2022-10-04</subfield>
    </datafield>
    <datafield tag="984" ind1=" " ind2=" ">
      <subfield code="a">2022-10-04</subfield>
    </datafield>
  </record>