
  <record>
    <leader>04011nab a2200637 u 4500</leader>
    <controlfield tag="001">9916264912007426</controlfield>
    <controlfield tag="005">20221118015129.0</controlfield>
    <controlfield tag="008">190626e20130926xx |||||o|||||||||||eng||</controlfield>
    <datafield tag="016" ind1="7" ind2=" ">
      <subfield code="a">IND606480704</subfield>
      <subfield code="2">DNAL</subfield>
    </datafield>
    <datafield tag="024" ind1="7" ind2=" ">
      <subfield code="a">10.3390/f4040751</subfield>
      <subfield code="2">doi</subfield>
    </datafield>
    <datafield tag="035" ind1=" " ind2=" ">
      <subfield code="a">agid:6480704-01nal_inst</subfield>
    </datafield>
    <datafield tag="040" ind1=" " ind2=" ">
      <subfield code="a">AGL</subfield>
      <subfield code="b">eng</subfield>
      <subfield code="c">AGL</subfield>
    </datafield>
    <datafield tag="100" ind1="1" ind2=" ">
      <subfield code="a">Amanzadeh, Beitollah</subfield>
      <subfield code="e">author</subfield>
    </datafield>
    <datafield tag="245" ind1="1" ind2="0">
      <subfield code="a">Spatial Distribution and Volume of Dead Wood in Unmanaged Caspian Beech
        (Fagus orientalis) Forests from Northern Iran</subfield>
    </datafield>
    <datafield tag="300" ind1=" " ind2=" ">
      <subfield code="a">p. 751-765.</subfield>
    </datafield>
    <datafield tag="520" ind1=" " ind2=" ">
      <subfield code="a">Unmanaged forests are remnants of natural ecosystems that provide a basis
        for close-to-nature silvicultural research and applications. These forests have high amounts
        of dead wood, and although this material is being increasingly studied, the diversity of
        dead wood in terms of different diameters, decay stages, and spatial distribution patterns
        is as important as its volume for understanding forest dynamics. Here, we study natural
        forests in northern Iran to investigate the spatial distribution, decay stages, and volume
        of dead wood in unmanaged temperate forests at different developmental stages. Three
        stem-mapped sampling plots (100 m × 100 m) were established in uneven-aged stands dominated
        by Caspian beech (Fagus orientalis Lispsky). The total dead wood ranged from 37 to 119 m2
        ha−1. Our results imply a spatial distribution shift from aggregation to randomness for dead
        trees in Caspian beech forest succession. We detected significant spatial interactions
        (attraction) between living and dead trees at short to medium spatial scales (1–20 m) in the
        plot with the earlier successional stage, suggesting that intra-specific competition is a
        prevailing force causing tree mortality at the stem-exclusion phase. By contrast, as trees
        become dominant with the mortality of other trees, the random tree-mortality pattern
        prevails. The spatial distribution and volume of dead wood may serve as a management target
        in near-to-natural Caspian beech forest. On the basis of our results, conservation-oriented
        management strategies should take into account the increasing amount of dead wood,
        particularly of large diameter in a late stage of decay.</subfield>
    </datafield>
    <datafield tag="592" ind1=" " ind2=" ">
      <subfield code="a">Publisher supplied data</subfield>
    </datafield>
    <datafield tag="593" ind1=" " ind2=" ">
      <subfield code="a">PubAg article</subfield>
    </datafield>
    <datafield tag="650" ind1=" " ind2="3">
      <subfield code="a">Fagus sylvatica subsp. orientalis</subfield>
    </datafield>
    <datafield tag="650" ind1=" " ind2="3">
      <subfield code="a">dead wood</subfield>
    </datafield>
    <datafield tag="650" ind1=" " ind2="3">
      <subfield code="a">developmental stages</subfield>
    </datafield>
    <datafield tag="650" ind1=" " ind2="3">
      <subfield code="a">ecosystems</subfield>
    </datafield>
    <datafield tag="650" ind1=" " ind2="3">
      <subfield code="a">forest dynamics</subfield>
    </datafield>
    <datafield tag="650" ind1=" " ind2="3">
      <subfield code="a">forest succession</subfield>
    </datafield>
    <datafield tag="650" ind1=" " ind2="3">
      <subfield code="a">intraspecific competition</subfield>
    </datafield>
    <datafield tag="650" ind1=" " ind2="3">
      <subfield code="a">mortality</subfield>
    </datafield>
    <datafield tag="650" ind1=" " ind2="3">
      <subfield code="a">temperate forests</subfield>
    </datafield>
    <datafield tag="650" ind1=" " ind2="3">
      <subfield code="a">tree mortality</subfield>
    </datafield>
    <datafield tag="650" ind1=" " ind2="3">
      <subfield code="a">trees</subfield>
    </datafield>
    <datafield tag="650" ind1=" " ind2="3">
      <subfield code="a">uneven-aged stands</subfield>
    </datafield>
    <datafield tag="651" ind1=" " ind2="3">
      <subfield code="a">Iran</subfield>
    </datafield>
    <datafield tag="700" ind1="1" ind2=" ">
      <subfield code="a">Sagheb-Talebi, Khosro</subfield>
      <subfield code="e">author</subfield>
    </datafield>
    <datafield tag="700" ind1="1" ind2=" ">
      <subfield code="a">Foumani, Bahman Sotoudeh</subfield>
      <subfield code="e">author</subfield>
    </datafield>
    <datafield tag="700" ind1="1" ind2=" ">
      <subfield code="a">Fadaie, Farhad</subfield>
      <subfield code="e">author</subfield>
    </datafield>
    <datafield tag="700" ind1="1" ind2=" ">
      <subfield code="a">Camarero, Jesús Julio</subfield>
      <subfield code="e">author</subfield>
    </datafield>
    <datafield tag="700" ind1="1" ind2=" ">
      <subfield code="a">Linares, Juan Carlos</subfield>
      <subfield code="e">author</subfield>
      <subfield code="u">Research Center of Agriculture and Natural Resources of Guilan Province, Km
        10 Tehran Highway, Rasht 3394-41635, Iran. jclincal@upo.es</subfield>
    </datafield>
    <datafield tag="773" ind1="0" ind2=" ">
      <subfield code="t">Forests.</subfield>
      <subfield code="g">2013 Sept. 26, v. 4, no. 4 p.751-765</subfield>
      <subfield code="d">Multidisciplinary Digital Publishing Institute</subfield>
      <subfield code="w">Journal:2257</subfield>
      <subfield code="x">1999-4907</subfield>
      <subfield code="7">nnas</subfield>
    </datafield>
    <datafield tag="787" ind1="1" ind2=" ">
      <subfield code="o">islandora_article_repository</subfield>
    </datafield>
    <datafield tag="787" ind1="1" ind2=" ">
      <subfield code="o">product_pubag</subfield>
    </datafield>
    <datafield tag="787" ind1="1" ind2=" ">
      <subfield code="o">(Journal)2257</subfield>
    </datafield>
    <datafield tag="856" ind1="4" ind2="0">
      <subfield code="u">http://dx.doi.org/10.3390/f4040751</subfield>
      <subfield code="3">Available from publisher's site</subfield>
    </datafield>
    <datafield tag="912" ind1=" " ind2=" ">
      <subfield code="a">Article</subfield>
    </datafield>
    <datafield tag="914" ind1=" " ind2=" ">
      <subfield code="a">Journal:2257</subfield>
      <subfield code="b">1999-4907</subfield>
      <subfield code="c">4</subfield>
      <subfield code="d">4</subfield>
      <subfield code="e">751</subfield>
    </datafield>
    <datafield tag="914" ind1=" " ind2=" ">
      <subfield code="f">Forests</subfield>
    </datafield>
    <datafield tag="916" ind1=" " ind2=" ">
      <subfield code="a">Batch:2278</subfield>
    </datafield>
    <datafield tag="917" ind1=" " ind2=" ">
      <subfield code="a">issued</subfield>
    </datafield>
    <datafield tag="918" ind1="2" ind2=" ">
      <subfield code="a">Multidisciplinary Digital Publishing Institute</subfield>
      <subfield code="e">provider</subfield>
      <subfield code="5">DNAL</subfield>
    </datafield>
    <datafield tag="935" ind1=" " ind2=" ">
      <subfield code="a">IND606480704</subfield>
      <subfield code="9">ExL</subfield>
    </datafield>
    <datafield tag="949" ind1=" " ind2=" ">
      <subfield code="a">2019-08-12</subfield>
    </datafield>
    <datafield tag="953" ind1=" " ind2=" ">
      <subfield code="a">/data/metadata/incoming/mdpinstitute/forest-v04-i04_20131219.xml</subfield>
    </datafield>
    <datafield tag="954" ind1=" " ind2=" ">
      <subfield code="a"
        >file:/data/metadata/staging/mdpinstitute/forest-v04-i04_20131219.xml</subfield>
    </datafield>
    <datafield tag="955" ind1=" " ind2=" ">
      <subfield code="a">/data/metadata/staging/mdpinstitute/</subfield>
    </datafield>
    <datafield tag="962" ind1=" " ind2=" ">
      <subfield code="a">Batch:2278 reviewed on 2019-08-12T12:00:04Z</subfield>
    </datafield>
    <datafield tag="974" ind1=" " ind2=" ">
      <subfield code="a">agid:6480704</subfield>
    </datafield>
    <datafield tag="983" ind1=" " ind2=" ">
      <subfield code="a">2019-06-26</subfield>
    </datafield>
    <datafield tag="984" ind1=" " ind2=" ">
      <subfield code="a">2019-08-12</subfield>
    </datafield>
  </record>