
  <record>
    <leader>04996nab a2200697 u 4500</leader>
    <controlfield tag="001">9916265031407426</controlfield>
    <controlfield tag="005">20221118015408.0</controlfield>
    <controlfield tag="008">190626e201907 xx |||||o|||||||||||eng||</controlfield>
    <datafield tag="016" ind1="7" ind2=" ">
      <subfield code="a">IND606480452</subfield>
      <subfield code="2">DNAL</subfield>
    </datafield>
    <datafield tag="024" ind1="7" ind2=" ">
      <subfield code="a">10.1111/ddi.12926</subfield>
      <subfield code="2">doi</subfield>
    </datafield>
    <datafield tag="035" ind1=" " ind2=" ">
      <subfield code="a">agid:6480452-01nal_inst</subfield>
    </datafield>
    <datafield tag="040" ind1=" " ind2=" ">
      <subfield code="a">AGL</subfield>
      <subfield code="b">eng</subfield>
      <subfield code="c">AGL</subfield>
    </datafield>
    <datafield tag="100" ind1="1" ind2=" ">
      <subfield code="a">Freeman, Johanna E.</subfield>
      <subfield code="e">author</subfield>
      <subfield code="u">Fish and Wildlife Research Institute, Florida Fish and Wildlife
        Conservation Commission, Tallahassee, Florida</subfield>
      <subfield code="1">https://orcid.org/0000-0002-9201-6581</subfield>
    </datafield>
    <datafield tag="245" ind1="1" ind2="0">
      <subfield code="a">Drivers of plant functional group richness and beta diversity in
        fire‐dependent pine savannas</subfield>
    </datafield>
    <datafield tag="300" ind1=" " ind2=" ">
      <subfield code="a">p. 1024-1044.</subfield>
    </datafield>
    <datafield tag="500" ind1=" " ind2=" ">
      <subfield code="a">JOURNAL ARTICLE</subfield>
    </datafield>
    <datafield tag="520" ind1=" " ind2=" ">
      <subfield code="a">AIM: To assess the drivers of plant functional group richness and beta
        diversity in fire‐maintained North American Coastal Plain (NACP) savannas. LOCATION: The
        southern portion of the NACP, a global biodiversity hotspot. This region is characterized by
        fire‐dependent pine savanna fragments that are isolated within a matrix of agriculture,
        urban development, non‐pyrogenic plant communities and plantation forestry. METHODS: We used
        nested quadrats to sample plant species on 30 fire‐maintained savanna preserves in Florida
        and Georgia, USA. We analysed between‐site Sørenson dissimilarity, a measure of beta
        diversity, using NMDS and PerMANOVA. We measured nestedness using NODF, and we used Betapart
        to partition Sørenson dissimilarity into nestedness and turnover components. We used linear
        and generalized linear mixed models to explore drivers of functional group richness and
        composition, including fire regime (return interval, number of fires, time since fire and
        seasonality), vegetation structure (herbaceous cover, woody cover and tree density) and
        spatial factors (surrounding landscape and geographic distance). RESULTS: We found
        turnover‐dominated beta‐diversity patterns in all functional groups. Turnover was explained
        partly by spatial and environmental gradients, but roughly half of the turnover between
        sites was unexplained. Species richness was higher on sites where fire and fire surrogates
        had been used longer and more consistently, and these effects were partly independent of
        current vegetation structure. Fire regimes containing more growing season fire and more
        diversity of burn seasons promoted higher species richness. Relationships between
        small‐scale and large‐scale species richness varied by soil type and functional group. MAIN
        CONCLUSIONS: Fire‐maintained savannas in the southeastern NACP vary greatly in their plant
        functional group richness, but high beta diversity resulting primarily from species turnover
        suggests that even species‐poor sites can harbour less‐common members of the regional plant
        metacommunity. Prescribed fire regimes that include growing season fire as well as a
        diversity of burn seasons may best promote species and functional group richness.</subfield>
    </datafield>
    <datafield tag="592" ind1=" " ind2=" ">
      <subfield code="a">Publisher supplied data</subfield>
    </datafield>
    <datafield tag="593" ind1=" " ind2=" ">
      <subfield code="a">PubAg article</subfield>
    </datafield>
    <datafield tag="596" ind1=" " ind2=" ">
      <subfield code="a">14-3-01-43</subfield>
      <subfield code="c">U.S. Joint Fire Science Program</subfield>
    </datafield>
    <datafield tag="650" ind1=" " ind2="3">
      <subfield code="a">coastal plains</subfield>
    </datafield>
    <datafield tag="650" ind1=" " ind2="3">
      <subfield code="a">fire regime</subfield>
    </datafield>
    <datafield tag="650" ind1=" " ind2="3">
      <subfield code="a">fires</subfield>
    </datafield>
    <datafield tag="650" ind1=" " ind2="3">
      <subfield code="a">growing season</subfield>
    </datafield>
    <datafield tag="650" ind1=" " ind2="3">
      <subfield code="a">landscapes</subfield>
    </datafield>
    <datafield tag="650" ind1=" " ind2="3">
      <subfield code="a">models</subfield>
    </datafield>
    <datafield tag="650" ind1=" " ind2="3">
      <subfield code="a">nestedness</subfield>
    </datafield>
    <datafield tag="650" ind1=" " ind2="3">
      <subfield code="a">plant communities</subfield>
    </datafield>
    <datafield tag="650" ind1=" " ind2="3">
      <subfield code="a">plantation forestry</subfield>
    </datafield>
    <datafield tag="650" ind1=" " ind2="3">
      <subfield code="a">prescribed burning</subfield>
    </datafield>
    <datafield tag="650" ind1=" " ind2="3">
      <subfield code="a">savannas</subfield>
    </datafield>
    <datafield tag="650" ind1=" " ind2="3">
      <subfield code="a">soil types</subfield>
    </datafield>
    <datafield tag="650" ind1=" " ind2="3">
      <subfield code="a">species richness</subfield>
    </datafield>
    <datafield tag="650" ind1=" " ind2="3">
      <subfield code="a">trees</subfield>
    </datafield>
    <datafield tag="650" ind1=" " ind2="3">
      <subfield code="a">urban development</subfield>
    </datafield>
    <datafield tag="650" ind1=" " ind2="3">
      <subfield code="a">vegetation structure</subfield>
    </datafield>
    <datafield tag="651" ind1=" " ind2="3">
      <subfield code="a">Florida</subfield>
    </datafield>
    <datafield tag="651" ind1=" " ind2="3">
      <subfield code="a">Georgia</subfield>
    </datafield>
    <datafield tag="700" ind1="1" ind2=" ">
      <subfield code="a">Kobziar, Leda N.</subfield>
      <subfield code="e">author</subfield>
      <subfield code="u">Department of Natural Resources and Society, University of Idaho, Moscow,
        Idaho</subfield>
    </datafield>
    <datafield tag="700" ind1="1" ind2=" ">
      <subfield code="a">Leone, Erin H.</subfield>
      <subfield code="e">author</subfield>
      <subfield code="u">Fish and Wildlife Research Institute, Florida Fish and Wildlife
        Conservation Commission, Tallahassee, Florida</subfield>
    </datafield>
    <datafield tag="700" ind1="1" ind2=" ">
      <subfield code="a">Williges, Kent</subfield>
      <subfield code="e">author</subfield>
      <subfield code="u">Fish and Wildlife Research Institute, Florida Fish and Wildlife
        Conservation Commission, Tallahassee, Florida</subfield>
    </datafield>
    <datafield tag="773" ind1="0" ind2=" ">
      <subfield code="t">Diversity &amp; distributions.</subfield>
      <subfield code="g">2019 July, v. 25, no. 7 p.1024-1044</subfield>
      <subfield code="d">John Wiley &amp; Sons, Ltd</subfield>
      <subfield code="w">Journal:jnl3867071</subfield>
      <subfield code="x">1366-9516</subfield>
      <subfield code="7">nnas</subfield>
    </datafield>
    <datafield tag="787" ind1="1" ind2=" ">
      <subfield code="o">islandora_article_repository</subfield>
    </datafield>
    <datafield tag="787" ind1="1" ind2=" ">
      <subfield code="o">product_pubag</subfield>
    </datafield>
    <datafield tag="787" ind1="1" ind2=" ">
      <subfield code="o">(Journal)jnl3867071</subfield>
    </datafield>
    <datafield tag="856" ind1="4" ind2="0">
      <subfield code="u">http://dx.doi.org/10.1111/ddi.12926</subfield>
      <subfield code="3">Available from publisher's site</subfield>
    </datafield>
    <datafield tag="912" ind1=" " ind2=" ">
      <subfield code="a">Article</subfield>
    </datafield>
    <datafield tag="914" ind1=" " ind2=" ">
      <subfield code="a">Journal:jnl3867071</subfield>
      <subfield code="b">1366-9516</subfield>
      <subfield code="c">25</subfield>
      <subfield code="d">7</subfield>
      <subfield code="e">1024</subfield>
    </datafield>
    <datafield tag="914" ind1=" " ind2=" ">
      <subfield code="f">Diversity &amp; distributions</subfield>
    </datafield>
    <datafield tag="916" ind1=" " ind2=" ">
      <subfield code="a">Batch:2260</subfield>
    </datafield>
    <datafield tag="917" ind1=" " ind2=" ">
      <subfield code="a">issued</subfield>
    </datafield>
    <datafield tag="918" ind1="2" ind2=" ">
      <subfield code="a">John Wiley &amp; Sons, Inc</subfield>
      <subfield code="e">provider</subfield>
      <subfield code="5">DNAL</subfield>
    </datafield>
    <datafield tag="935" ind1=" " ind2=" ">
      <subfield code="a">IND606480452</subfield>
      <subfield code="9">ExL</subfield>
    </datafield>
    <datafield tag="949" ind1=" " ind2=" ">
      <subfield code="a">2019-07-25</subfield>
    </datafield>
    <datafield tag="953" ind1=" " ind2=" ">
      <subfield code="a">/data/metadata/incoming/wiley/13669516_2019_25_7.xml</subfield>
    </datafield>
    <datafield tag="954" ind1=" " ind2=" ">
      <subfield code="a">file:/data/metadata/staging/wiley/13669516_2019_25_7.xml</subfield>
    </datafield>
    <datafield tag="955" ind1=" " ind2=" ">
      <subfield code="a">/data/metadata/staging/wiley/</subfield>
    </datafield>
    <datafield tag="962" ind1=" " ind2=" ">
      <subfield code="a">Batch:2260 reviewed on 2019-07-25T15:00:08Z</subfield>
    </datafield>
    <datafield tag="974" ind1=" " ind2=" ">
      <subfield code="a">agid:6480452</subfield>
    </datafield>
    <datafield tag="983" ind1=" " ind2=" ">
      <subfield code="a">2019-06-26</subfield>
    </datafield>
    <datafield tag="984" ind1=" " ind2=" ">
      <subfield code="a">2019-07-25</subfield>
    </datafield>
  </record>