
  <record>
    <leader>04520nab a2200685 u 4500</leader>
    <controlfield tag="001">9916265110307426</controlfield>
    <controlfield tag="005">20221118015442.0</controlfield>
    <controlfield tag="008">191228e20191201xx |||||o|||||||||||eng||</controlfield>
    <datafield tag="016" ind1="7" ind2=" ">
      <subfield code="a">IND606793957</subfield>
      <subfield code="2">DNAL</subfield>
    </datafield>
    <datafield tag="024" ind1="7" ind2=" ">
      <subfield code="a">10.2478/foecol-2019-0013</subfield>
      <subfield code="2">doi</subfield>
    </datafield>
    <datafield tag="035" ind1=" " ind2=" ">
      <subfield code="a">agid:6793957-01nal_inst</subfield>
    </datafield>
    <datafield tag="040" ind1=" " ind2=" ">
      <subfield code="a">AGL</subfield>
      <subfield code="b">eng</subfield>
      <subfield code="c">AGL</subfield>
    </datafield>
    <datafield tag="100" ind1="1" ind2=" ">
      <subfield code="a">Zhukov, Oleksandr V.</subfield>
      <subfield code="e">author</subfield>
      <subfield code="u">Department of Zoology and Ecology, Faculty of Biology and Ecology, Oles
        Honchar Dnipro National University, Gagarin Ave. 72, Dnipro, 49010 , Ukraine</subfield>
    </datafield>
    <datafield tag="245" ind1="1" ind2="0">
      <subfield code="a">Tree canopy affects soil macrofauna spatial patterns on broad- and
        meso-scale levels in an Eastern European poplar-willow forest in the floodplain of the River
        Dnipro</subfield>
    </datafield>
    <datafield tag="300" ind1=" " ind2=" ">
      <subfield code="a">p. 101-114.</subfield>
    </datafield>
    <datafield tag="500" ind1=" " ind2=" ">
      <subfield code="a">NAL-AP-2-clean</subfield>
    </datafield>
    <datafield tag="520" ind1=" " ind2=" ">
      <subfield code="a">This paper tested the hypothesis that the placement of trees in the
        floodplain ecosystem leads to multiscale spatial structuring and plays an important role in
        formation of the spatial patterns of the soil macrofauna. The research polygon was laid in
        an Eastern European poplar-willow forest in the floodplain of the River Dnipro. The litter
        macrofauna was manually collected from the soil samples. The distances of the sampling
        locations from the nearest individual of each tree species were applied to obtain a measure
        of the overstorey spatial structure. The pure effect of tree structured space on the soil
        animal community was presented by the broad-scale and meso-scale components. The soil animal
        community demonstrated patterns varying in tree structured space. The tree induced spatial
        heterogeneity was revealed to effect on the vertical stratification of the soil animal
        community. The complex nature of the soil animal community variability depending on the
        distance from trees was depended on the interaction of tree species in their effects on soil
        animals. The importance of the spatial structures that interact with soil, plants and tree
        factors in shaping soil macrofauna communities was shown.</subfield>
    </datafield>
    <datafield tag="592" ind1=" " ind2=" ">
      <subfield code="a">Publisher supplied data</subfield>
    </datafield>
    <datafield tag="593" ind1=" " ind2=" ">
      <subfield code="a">PubAg article</subfield>
    </datafield>
    <datafield tag="650" ind1=" " ind2="3">
      <subfield code="a">animal communities</subfield>
    </datafield>
    <datafield tag="650" ind1=" " ind2="3">
      <subfield code="a">canopy</subfield>
    </datafield>
    <datafield tag="650" ind1=" " ind2="3">
      <subfield code="a">ecosystems</subfield>
    </datafield>
    <datafield tag="650" ind1=" " ind2="3">
      <subfield code="a">floodplains</subfield>
    </datafield>
    <datafield tag="650" ind1=" " ind2="3">
      <subfield code="a">forests</subfield>
    </datafield>
    <datafield tag="650" ind1=" " ind2="3">
      <subfield code="a">overstory</subfield>
    </datafield>
    <datafield tag="650" ind1=" " ind2="3">
      <subfield code="a">rivers</subfield>
    </datafield>
    <datafield tag="650" ind1=" " ind2="3">
      <subfield code="a">soil</subfield>
    </datafield>
    <datafield tag="650" ind1=" " ind2="3">
      <subfield code="a">soil fauna</subfield>
    </datafield>
    <datafield tag="650" ind1=" " ind2="3">
      <subfield code="a">spatial variation</subfield>
    </datafield>
    <datafield tag="650" ind1=" " ind2="3">
      <subfield code="a">trees</subfield>
    </datafield>
    <datafield tag="653" ind1=" " ind2="0">
      <subfield code="a">ecological groups</subfield>
    </datafield>
    <datafield tag="653" ind1=" " ind2="0">
      <subfield code="a">environmental factors</subfield>
    </datafield>
    <datafield tag="653" ind1=" " ind2="0">
      <subfield code="a">neutral diversity</subfield>
    </datafield>
    <datafield tag="653" ind1=" " ind2="0">
      <subfield code="a">soil macrofauna</subfield>
    </datafield>
    <datafield tag="653" ind1=" " ind2="0">
      <subfield code="a">tree canopy</subfield>
    </datafield>
    <datafield tag="700" ind1="1" ind2=" ">
      <subfield code="a">Kunah, Olga M.</subfield>
      <subfield code="e">author</subfield>
      <subfield code="u">Department of Zoology and Ecology, Faculty of Biology and Ecology, Oles
        Honchar Dnipro National University, Gagarin Ave. 72, Dnipro, 49010 , Ukraine</subfield>
    </datafield>
    <datafield tag="700" ind1="1" ind2=" ">
      <subfield code="a">Dubinina, Yuliya Y.</subfield>
      <subfield code="e">author</subfield>
      <subfield code="u">Department of Zoology and Ecology, Faculty of Biology and Ecology, Oles
        Honchar Dnipro National University, Gagarin Ave. 72, Dnipro, 49010 , Ukraine</subfield>
    </datafield>
    <datafield tag="700" ind1="1" ind2=" ">
      <subfield code="a">Fedushko, Marina P.</subfield>
      <subfield code="e">author</subfield>
      <subfield code="u">Department of Zoology and Ecology, Faculty of Biology and Ecology, Oles
        Honchar Dnipro National University, Gagarin Ave. 72, Dnipro, 49010 , Ukraine</subfield>
    </datafield>
    <datafield tag="700" ind1="1" ind2=" ">
      <subfield code="a">Kotsun, Vadim I.</subfield>
      <subfield code="e">author</subfield>
      <subfield code="u">Department of Zoology and Ecology, Faculty of Biology and Ecology, Oles
        Honchar Dnipro National University, Gagarin Ave. 72, Dnipro, 49010 , Ukraine</subfield>
    </datafield>
    <datafield tag="700" ind1="1" ind2=" ">
      <subfield code="a">Zhukova, Yuliya O.</subfield>
      <subfield code="e">author</subfield>
      <subfield code="u">Department of Zoology and Ecology, Faculty of Biology and Ecology, Oles
        Honchar Dnipro National University, Gagarin Ave. 72, Dnipro, 49010 , Ukraine</subfield>
    </datafield>
    <datafield tag="700" ind1="1" ind2=" ">
      <subfield code="a">Potapenko, Olena V.</subfield>
      <subfield code="e">author</subfield>
      <subfield code="u">Department of Zoology and Ecology, Faculty of Biology and Ecology, Oles
        Honchar Dnipro National University, Gagarin Ave. 72, Dnipro, 49010 , Ukraine</subfield>
    </datafield>
    <datafield tag="773" ind1="0" ind2=" ">
      <subfield code="t">Folia oecologica.</subfield>
      <subfield code="g">2019 Dec. 01, v. 46, no. 2 p.101-114</subfield>
      <subfield code="d">Sciendo</subfield>
      <subfield code="w">Journal:15705</subfield>
      <subfield code="x">1336-5266</subfield>
      <subfield code="7">nnas</subfield>
    </datafield>
    <datafield tag="787" ind1="1" ind2=" ">
      <subfield code="o">islandora_article_repository</subfield>
    </datafield>
    <datafield tag="787" ind1="1" ind2=" ">
      <subfield code="o">product_pubag</subfield>
    </datafield>
    <datafield tag="787" ind1="1" ind2=" ">
      <subfield code="o">(Journal)15705</subfield>
    </datafield>
    <datafield tag="856" ind1="4" ind2="0">
      <subfield code="u">http://dx.doi.org/10.2478/foecol-2019-0013</subfield>
      <subfield code="3">Available from publisher's site</subfield>
    </datafield>
    <datafield tag="912" ind1=" " ind2=" ">
      <subfield code="a">Article</subfield>
    </datafield>
    <datafield tag="914" ind1=" " ind2=" ">
      <subfield code="a">Journal:15705</subfield>
      <subfield code="b">1338-7014</subfield>
      <subfield code="c">46</subfield>
      <subfield code="d">2</subfield>
      <subfield code="e">101</subfield>
    </datafield>
    <datafield tag="914" ind1=" " ind2=" ">
      <subfield code="f">Folia oecologica</subfield>
    </datafield>
    <datafield tag="916" ind1=" " ind2=" ">
      <subfield code="a">Batch:10108</subfield>
    </datafield>
    <datafield tag="917" ind1=" " ind2=" ">
      <subfield code="a">issued</subfield>
    </datafield>
    <datafield tag="918" ind1="2" ind2=" ">
      <subfield code="a">De Gruyter Publishers</subfield>
      <subfield code="e">provider</subfield>
      <subfield code="5">DNAL</subfield>
    </datafield>
    <datafield tag="935" ind1=" " ind2=" ">
      <subfield code="a">IND606793957</subfield>
      <subfield code="9">ExL</subfield>
    </datafield>
    <datafield tag="949" ind1=" " ind2=" ">
      <subfield code="a">2021-04-20</subfield>
    </datafield>
    <datafield tag="953" ind1=" " ind2=" ">
      <subfield code="a"
        >/data/metadata/incoming/degruyter/foecol.2019.46.issue-2-1577470563688.zip</subfield>
    </datafield>
    <datafield tag="954" ind1=" " ind2=" ">
      <subfield code="a">file:/data/metadata/staging/degruyter/foecol-2019-0013.xml</subfield>
    </datafield>
    <datafield tag="955" ind1=" " ind2=" ">
      <subfield code="a">/data/metadata/staging/degruyter/</subfield>
    </datafield>
    <datafield tag="974" ind1=" " ind2=" ">
      <subfield code="a">agid:6793957</subfield>
    </datafield>
    <datafield tag="983" ind1=" " ind2=" ">
      <subfield code="a">2019-12-28</subfield>
    </datafield>
    <datafield tag="984" ind1=" " ind2=" ">
      <subfield code="a">2021-04-20</subfield>
    </datafield>
  </record>