
  <record>
    <leader>04549nab a2200769 u 4500</leader>
    <controlfield tag="001">9916265343507426</controlfield>
    <controlfield tag="005">20221118021046.0</controlfield>
    <controlfield tag="008">151127e200210 xx |||||o|||||||||||eng||</controlfield>
    <datafield tag="016" ind1="7" ind2=" ">
      <subfield code="a">IND500650517</subfield>
      <subfield code="2">DNAL</subfield>
    </datafield>
    <datafield tag="024" ind1="7" ind2=" ">
      <subfield code="a">10.1111/j.1654-1103.2002.tb02088.x</subfield>
      <subfield code="2">doi</subfield>
    </datafield>
    <datafield tag="035" ind1=" " ind2=" ">
      <subfield code="a">agid:147640-01nal_inst</subfield>
    </datafield>
    <datafield tag="040" ind1=" " ind2=" ">
      <subfield code="a">AGL</subfield>
      <subfield code="b">eng</subfield>
      <subfield code="c">AGL</subfield>
    </datafield>
    <datafield tag="100" ind1="1" ind2=" ">
      <subfield code="a">Barberis, Ignacio M.</subfield>
      <subfield code="e">author</subfield>
      <subfield code="u">Facultad de Ciencias Agrarias, Universidad Nacional de Rosario, Argentina,
        C.C. 14, S2125ZAA Zavalla, Argentina</subfield>
    </datafield>
    <datafield tag="245" ind1="1" ind2="0">
      <subfield code="a">Woody population distribution and environmental heterogeneity in a Chaco
        forest, Argentina</subfield>
    </datafield>
    <datafield tag="300" ind1=" " ind2=" ">
      <subfield code="a">p. 607-614.</subfield>
    </datafield>
    <datafield tag="520" ind1=" " ind2=" ">
      <subfield code="a">In southern humid Chaco forests dominated by Schinopsis balansae, woody
        plants are clumped and species composition varies spatially over short distances. We
        examined how these spatial patterns are associated with local environmental heterogeneity
        for three size classes of woody individuals: adults, saplings, and seedlings. Our study was
        based on the detailed description of two forest plots (3200 m² in total) in which we mapped
        all individuals of woody species, and delimited patches with different microrelief, soil
        moisture, and ground cover of terrestrial bromeliads. Our results showed that
        woody-individual distribution is related to local environmental heterogeneity. For all size
        classes, density of woody individuals was highest on convex patches. These convex patches
        were dominated by both tree (Acacia praecox and Achatocarpus praecox) and shrub species
        (Celtis pallida, Capparis retusa and Grabowskia duplicata), while level patches were
        dominated only by tree species (Schinopsis balansae, Prosopis spp. and Geoffroea
        decorticans). Drier patches contained all the woody species present in the forest, while
        wetter patches contained only a subset of them. Within convex patches, trees are likely to
        occur in places with bromeliad colonies and shrubs in patches without bromeliads. The
        results suggest forest structure is controlled by environmental heterogeneity associated
        with microrelief and soil moisture.Nomenclature: Burkart (1969––1987); Digilio (1971––1974);
        Péérez Moreau (1994).Abbreviation: MRPP == Multiple Response Permutation
        Procedure.</subfield>
    </datafield>
    <datafield tag="592" ind1=" " ind2=" ">
      <subfield code="a">Publisher supplied data</subfield>
    </datafield>
    <datafield tag="593" ind1=" " ind2=" ">
      <subfield code="a">PubAg article</subfield>
    </datafield>
    <datafield tag="650" ind1=" " ind2="3">
      <subfield code="a">Acacia</subfield>
    </datafield>
    <datafield tag="650" ind1=" " ind2="3">
      <subfield code="a">Bromeliaceae</subfield>
    </datafield>
    <datafield tag="650" ind1=" " ind2="3">
      <subfield code="a">Capparis</subfield>
    </datafield>
    <datafield tag="650" ind1=" " ind2="3">
      <subfield code="a">Celtis pallida</subfield>
    </datafield>
    <datafield tag="650" ind1=" " ind2="3">
      <subfield code="a">Geoffroea</subfield>
    </datafield>
    <datafield tag="650" ind1=" " ind2="3">
      <subfield code="a">Prosopis</subfield>
    </datafield>
    <datafield tag="650" ind1=" " ind2="3">
      <subfield code="a">Schinopsis</subfield>
    </datafield>
    <datafield tag="650" ind1=" " ind2="3">
      <subfield code="a">adults</subfield>
    </datafield>
    <datafield tag="650" ind1=" " ind2="3">
      <subfield code="a">forests</subfield>
    </datafield>
    <datafield tag="650" ind1=" " ind2="3">
      <subfield code="a">microrelief</subfield>
    </datafield>
    <datafield tag="650" ind1=" " ind2="3">
      <subfield code="a">population distribution</subfield>
    </datafield>
    <datafield tag="650" ind1=" " ind2="3">
      <subfield code="a">saplings</subfield>
    </datafield>
    <datafield tag="650" ind1=" " ind2="3">
      <subfield code="a">seedlings</subfield>
    </datafield>
    <datafield tag="650" ind1=" " ind2="3">
      <subfield code="a">shrubs</subfield>
    </datafield>
    <datafield tag="650" ind1=" " ind2="3">
      <subfield code="a">soil water</subfield>
    </datafield>
    <datafield tag="650" ind1=" " ind2="3">
      <subfield code="a">species diversity</subfield>
    </datafield>
    <datafield tag="650" ind1=" " ind2="3">
      <subfield code="a">woody plants</subfield>
    </datafield>
    <datafield tag="651" ind1=" " ind2="3">
      <subfield code="a">Argentina</subfield>
    </datafield>
    <datafield tag="653" ind1=" " ind2="0">
      <subfield code="a">Bromeliad</subfield>
    </datafield>
    <datafield tag="653" ind1=" " ind2="0">
      <subfield code="a">Forest structure</subfield>
    </datafield>
    <datafield tag="653" ind1=" " ind2="0">
      <subfield code="a">Humid</subfield>
    </datafield>
    <datafield tag="653" ind1=" " ind2="0">
      <subfield code="a">Microrelief</subfield>
    </datafield>
    <datafield tag="653" ind1=" " ind2="0">
      <subfield code="a">Schinopsis balansae</subfield>
    </datafield>
    <datafield tag="653" ind1=" " ind2="0">
      <subfield code="a">Southern humid Chaco</subfield>
    </datafield>
    <datafield tag="653" ind1=" " ind2="0">
      <subfield code="a">Subtropical</subfield>
    </datafield>
    <datafield tag="700" ind1="1" ind2=" ">
      <subfield code="a">Batista, William B.</subfield>
      <subfield code="e">author</subfield>
      <subfield code="u">Facultad de Agronomíía, Universidad de Buenos Aires, Av. San Martíín 4453,
        C1417DSQ Buenos Aires, Argentina</subfield>
    </datafield>
    <datafield tag="700" ind1="1" ind2=" ">
      <subfield code="a">Pire, Eduardo F.</subfield>
      <subfield code="e">author</subfield>
      <subfield code="u">Facultad de Ciencias Agrarias, Universidad Nacional de Rosario, Argentina,
        C.C. 14, S2125ZAA Zavalla, Argentina</subfield>
    </datafield>
    <datafield tag="700" ind1="1" ind2=" ">
      <subfield code="a">Lewis, Juan Pablo</subfield>
      <subfield code="e">author</subfield>
      <subfield code="u">Facultad de Ciencias Agrarias, Universidad Nacional de Rosario, Argentina,
        C.C. 14, S2125ZAA Zavalla, Argentina</subfield>
    </datafield>
    <datafield tag="700" ind1="1" ind2=" ">
      <subfield code="a">Leóón, Rolando J. C.</subfield>
      <subfield code="e">author</subfield>
      <subfield code="u">Facultad de Agronomíía, Universidad de Buenos Aires, Av. San Martíín 4453,
        C1417DSQ Buenos Aires, Argentina</subfield>
    </datafield>
    <datafield tag="773" ind1="0" ind2=" ">
      <subfield code="t">Journal of vegetation science.</subfield>
      <subfield code="g">2002 Oct., v. 13, no. 5 p.607-614</subfield>
      <subfield code="d">Opulus Press</subfield>
      <subfield code="w">Journal:jnl46820</subfield>
      <subfield code="x">1100-9233</subfield>
      <subfield code="7">nnas</subfield>
    </datafield>
    <datafield tag="787" ind1="1" ind2=" ">
      <subfield code="o">islandora_article_repository</subfield>
    </datafield>
    <datafield tag="787" ind1="1" ind2=" ">
      <subfield code="o">product_pubag</subfield>
    </datafield>
    <datafield tag="787" ind1="1" ind2=" ">
      <subfield code="o">(Journal)jnl46820</subfield>
    </datafield>
    <datafield tag="856" ind1="4" ind2="0">
      <subfield code="u"
        >https://doi.org/10.1111/j.1654-1103.2002.tb02088.x</subfield>
      <subfield code="3">Available from publisher's site</subfield>
    </datafield>
    <datafield tag="912" ind1=" " ind2=" ">
      <subfield code="a">Article</subfield>
    </datafield>
    <datafield tag="914" ind1=" " ind2=" ">
      <subfield code="a">Journal:jnl46820</subfield>
      <subfield code="b">1100-9233</subfield>
      <subfield code="c">13</subfield>
      <subfield code="d">5</subfield>
      <subfield code="e">607</subfield>
    </datafield>
    <datafield tag="914" ind1=" " ind2=" ">
      <subfield code="f">Journal of vegetation science</subfield>
    </datafield>
    <datafield tag="916" ind1=" " ind2=" ">
      <subfield code="a">Batch:663</subfield>
    </datafield>
    <datafield tag="917" ind1=" " ind2=" ">
      <subfield code="a">issued</subfield>
    </datafield>
    <datafield tag="918" ind1="2" ind2=" ">
      <subfield code="a">BioOne</subfield>
      <subfield code="e">provider</subfield>
      <subfield code="5">DNAL</subfield>
    </datafield>
    <datafield tag="935" ind1=" " ind2=" ">
      <subfield code="a">IND500650517</subfield>
      <subfield code="9">ExL</subfield>
    </datafield>
    <datafield tag="949" ind1=" " ind2=" ">
      <subfield code="a">2014-10-09</subfield>
    </datafield>
    <datafield tag="953" ind1=" " ind2=" ">
      <subfield code="a">VEGSv13i5-04290044-174998.zip</subfield>
    </datafield>
    <datafield tag="962" ind1=" " ind2=" ">
      <subfield code="a">Batch:663 annotated on 2014-09-16T12:27:54Z</subfield>
    </datafield>
    <datafield tag="962" ind1=" " ind2=" ">
      <subfield code="a">Batch:663 reviewed on 2014-10-08T16:00:02Z</subfield>
    </datafield>
    <datafield tag="962" ind1=" " ind2=" ">
      <subfield code="a">Batch:663 reviewed on 2014-10-09T04:00:02Z</subfield>
    </datafield>
    <datafield tag="974" ind1=" " ind2=" ">
      <subfield code="a">agid:147640</subfield>
    </datafield>
    <datafield tag="983" ind1=" " ind2=" ">
      <subfield code="a">2015-11-27</subfield>
    </datafield>
    <datafield tag="984" ind1=" " ind2=" ">
      <subfield code="a">2018-06-25</subfield>
    </datafield>
  </record>