
  <record>
    <leader>04159nab a2200721 u 4500</leader>
    <controlfield tag="001">9916265753707426</controlfield>
    <controlfield tag="005">20221118022211.0</controlfield>
    <controlfield tag="008">091229e200909 xx |||||o|||||||||||eng||</controlfield>
    <datafield tag="016" ind1="7" ind2=" ">
      <subfield code="a">IND44305658</subfield>
      <subfield code="2">DNAL</subfield>
    </datafield>
    <datafield tag="024" ind1="7" ind2=" ">
      <subfield code="a">10.1672/07-162.1</subfield>
      <subfield code="2">doi</subfield>
    </datafield>
    <datafield tag="024" ind1="7" ind2=" ">
      <subfield code="a">10113/37916</subfield>
      <subfield code="2">hdl</subfield>
    </datafield>
    <datafield tag="035" ind1=" " ind2=" ">
      <subfield code="a">agid:37916-01nal_inst</subfield>
    </datafield>
    <datafield tag="040" ind1=" " ind2=" ">
      <subfield code="a">AGL</subfield>
      <subfield code="b">eng</subfield>
      <subfield code="c">AGL</subfield>
    </datafield>
    <datafield tag="072" ind1=" " ind2="0">
      <subfield code="a">P200</subfield>
    </datafield>
    <datafield tag="072" ind1=" " ind2="0">
      <subfield code="a">K001</subfield>
    </datafield>
    <datafield tag="072" ind1=" " ind2="0">
      <subfield code="a">M001</subfield>
    </datafield>
    <datafield tag="072" ind1=" " ind2="0">
      <subfield code="a">X100</subfield>
    </datafield>
    <datafield tag="072" ind1=" " ind2="0">
      <subfield code="a">B200</subfield>
    </datafield>
    <datafield tag="100" ind1="1" ind2=" ">
      <subfield code="a">Lu, Jianbiao</subfield>
      <subfield code="e">author</subfield>
      <subfield code="u">Southern Global Change Program, Southern Research Station, USDA Forest
        Service, 920 Main Campus Drive, Venture II, Suite 300, Raleigh, North Carolina, USA
        27606</subfield>
    </datafield>
    <datafield tag="245" ind1="1" ind2="0">
      <subfield code="a">Sensitivity of Pine Flatwoods Hydrology to Climate Change and Forest
        Management in Florida, USA</subfield>
    </datafield>
    <datafield tag="300" ind1=" " ind2=" ">
      <subfield code="a">p. 826-836.</subfield>
    </datafield>
    <datafield tag="500" ind1=" " ind2=" ">
      <subfield code="a">2019-12-05</subfield>
    </datafield>
    <datafield tag="520" ind1=" " ind2=" ">
      <subfield code="a">Pine flatwoods (a mixture of cypress wetlands and managed pine uplands) is
        an important ecosystem in the southeastern U.S. However, long-term hydrologic impacts of
        forest management and climate change on this heterogeneous landscape are not well
        understood. Therefore, this study examined the sensitivity of cypress-pine flatwoods
        hydrology to climate change and forest management by using the physically based, distributed
        hydrologic modeling system, MIKE SHE. The model was first calibrated and validated with a
        long-term data set, and then applied using several hypothetical scenarios developed in north
        central Florida. Our study showed that MIKE SHE could simulate the temporal and spatial
        dynamics of the shallow ground-water table. The model also identified and confirmed three
        horizontal ground-water flow patterns at this study site. The modeling results suggested
        that forest removal and climate change (i.e., warming and drying) would have pronounced
        impacts on the ground-water table during the dry periods, but these impacts may be minor
        under wet conditions at this typical flatwoods landscape. At the landscape scale,
        depressional wetlands may have higher responses to tree removal and climate change than
        surrounding uplands.</subfield>
    </datafield>
    <datafield tag="592" ind1=" " ind2=" ">
      <subfield code="a">Publisher supplied data</subfield>
    </datafield>
    <datafield tag="593" ind1=" " ind2=" ">
      <subfield code="a">PubAg article</subfield>
    </datafield>
    <datafield tag="593" ind1=" " ind2=" ">
      <subfield code="c">USDA submission</subfield>
    </datafield>
    <datafield tag="650" ind1=" " ind2="3">
      <subfield code="a">simulation models</subfield>
    </datafield>
    <datafield tag="650" ind1=" " ind2="3">
      <subfield code="a">clearcutting</subfield>
    </datafield>
    <datafield tag="650" ind1=" " ind2="3">
      <subfield code="a">climate change</subfield>
    </datafield>
    <datafield tag="650" ind1=" " ind2="3">
      <subfield code="a">forest management</subfield>
    </datafield>
    <datafield tag="650" ind1=" " ind2="3">
      <subfield code="a">lowland forests</subfield>
    </datafield>
    <datafield tag="650" ind1=" " ind2="3">
      <subfield code="a">groundwater</subfield>
    </datafield>
    <datafield tag="650" ind1=" " ind2="3">
      <subfield code="a">hydrologic models</subfield>
    </datafield>
    <datafield tag="650" ind1=" " ind2="3">
      <subfield code="a">water table</subfield>
    </datafield>
    <datafield tag="653" ind1=" " ind2="0">
      <subfield code="a">MIKE SHE model</subfield>
    </datafield>
    <datafield tag="653" ind1=" " ind2="0">
      <subfield code="a">hydrology</subfield>
    </datafield>
    <datafield tag="700" ind1="1" ind2=" ">
      <subfield code="a">Sun, Ge</subfield>
      <subfield code="e">author</subfield>
      <subfield code="u">Southern Global Change Program, Southern Research Station, USDA Forest
        Service, 920 Main Campus Drive, Venture II, Suite 300, Raleigh, North Carolina, USA
        27606</subfield>
    </datafield>
    <datafield tag="700" ind1="1" ind2=" ">
      <subfield code="a">McNulty, Steven G.</subfield>
      <subfield code="e">author</subfield>
      <subfield code="u">Southern Global Change Program, Southern Research Station, USDA Forest
        Service, 920 Main Campus Drive, Venture II, Suite 300, Raleigh, North Carolina, USA
        27606</subfield>
    </datafield>
    <datafield tag="700" ind1="1" ind2=" ">
      <subfield code="a">Comerford, Nicholas B.</subfield>
      <subfield code="e">author</subfield>
      <subfield code="u">Soil and Water Science Department, University of Florida, 2169 McCarty Hall
        Box 110290, Gainesville, Florida, USA 32611</subfield>
    </datafield>
    <datafield tag="773" ind1="0" ind2=" ">
      <subfield code="t">Wetlands.</subfield>
      <subfield code="g">2009 Sept., v. 29, no. 3 p.826-836</subfield>
      <subfield code="d">The Society of Wetland Scientists</subfield>
      <subfield code="x">0277-5212</subfield>
      <subfield code="7">nnas</subfield>
    </datafield>
    <datafield tag="787" ind1="1" ind2=" ">
      <subfield code="o">product_pubag</subfield>
    </datafield>
    <datafield tag="787" ind1="1" ind2=" ">
      <subfield code="o">islandora_article_repository</subfield>
    </datafield>
    <datafield tag="787" ind1="1" ind2=" ">
      <subfield code="o">islandora_pubag_with_text</subfield>
    </datafield>
    <datafield tag="787" ind1="1" ind2=" ">
      <subfield code="o">(Journal)jnl57834</subfield>
    </datafield>
    <datafield tag="852" ind1=" " ind2=" ">
      <subfield code="a">DNAL</subfield>
    </datafield>
    <datafield tag="856" ind1="4" ind2="0">
      <subfield code="u">https://handle.nal.usda.gov/10113/37916</subfield>
      <subfield code="3">Available in the National Agricultural Library PubAg search
        system</subfield>
    </datafield>
    <datafield tag="856" ind1="4" ind2="0">
      <subfield code="u">http://dx.doi.org/10.1672/07-162.1</subfield>
      <subfield code="3">Available from publisher's Web site</subfield>
    </datafield>
    <datafield tag="912" ind1=" " ind2=" ">
      <subfield code="a">Article</subfield>
    </datafield>
    <datafield tag="914" ind1=" " ind2=" ">
      <subfield code="a">Journal:jnl57834</subfield>
      <subfield code="b">0277-5212</subfield>
      <subfield code="c">29</subfield>
      <subfield code="d">3</subfield>
      <subfield code="e">826–836</subfield>
    </datafield>
    <datafield tag="914" ind1=" " ind2=" ">
      <subfield code="f">Wetlands</subfield>
    </datafield>
    <datafield tag="917" ind1=" " ind2=" ">
      <subfield code="a">issued</subfield>
    </datafield>
    <datafield tag="918" ind1="2" ind2=" ">
      <subfield code="a">BioOne</subfield>
      <subfield code="e">provider</subfield>
      <subfield code="5">DNAL</subfield>
    </datafield>
    <datafield tag="930" ind1=" " ind2=" ">
      <subfield code="a">20100127</subfield>
      <subfield code="b">20100205</subfield>
      <subfield code="c">00000000</subfield>
    </datafield>
    <datafield tag="935" ind1=" " ind2=" ">
      <subfield code="a">IND44305658</subfield>
      <subfield code="9">ExL</subfield>
    </datafield>
    <datafield tag="945" ind1=" " ind2=" ">
      <subfield code="a">IND</subfield>
      <subfield code="d">LYN</subfield>
      <subfield code="e">2010/01/27</subfield>
    </datafield>
    <datafield tag="949" ind1=" " ind2=" ">
      <subfield code="a">2016-09-13</subfield>
    </datafield>
    <datafield tag="952" ind1=" " ind2=" ">
      <subfield code="a">20100127 20100205 00000000</subfield>
      <subfield code="b">IND LYN 2010/01/27</subfield>
    </datafield>
    <datafield tag="953" ind1=" " ind2=" ">
      <subfield code="a">WETLv29i3-04290118-175309.zip</subfield>
    </datafield>
    <datafield tag="961" ind1=" " ind2=" ">
      <subfield code="a">USDA/FS</subfield>
    </datafield>
    <datafield tag="974" ind1=" " ind2=" ">
      <subfield code="a">agid:37916</subfield>
    </datafield>
    <datafield tag="984" ind1=" " ind2=" ">
      <subfield code="a">2018-05-25</subfield>
    </datafield>
    <datafield tag="985" ind1=" " ind2=" ">
      <subfield code="a">Converted from MARCXML to MODS version 3.4 using MARC21slim2MODS3-4.xsl
        (Revision 1.95 2014/04/23)</subfield>
    </datafield>
    <datafield tag="986" ind1=" " ind2=" ">
      <subfield code="a">4305658</subfield>
    </datafield>
  </record>