
  <record>
    <leader>04958nab a2200721 u 4500</leader>
    <controlfield tag="001">9916265753907426</controlfield>
    <controlfield tag="005">20221118022325.0</controlfield>
    <controlfield tag="008">100121e200210 xx |||||o|||||||||||eng||</controlfield>
    <datafield tag="016" ind1="7" ind2=" ">
      <subfield code="a">IND44315650</subfield>
      <subfield code="2">DNAL</subfield>
    </datafield>
    <datafield tag="024" ind1="7" ind2=" ">
      <subfield code="a">10.1016/S0034-4257(02)00056-1</subfield>
      <subfield code="2">doi</subfield>
    </datafield>
    <datafield tag="024" ind1="7" ind2=" ">
      <subfield code="a">10113/37915</subfield>
      <subfield code="2">hdl</subfield>
    </datafield>
    <datafield tag="035" ind1=" " ind2=" ">
      <subfield code="a">agid:37915-01nal_inst</subfield>
    </datafield>
    <datafield tag="040" ind1=" " ind2=" ">
      <subfield code="a">AGL</subfield>
      <subfield code="b">eng</subfield>
      <subfield code="c">AGL</subfield>
    </datafield>
    <datafield tag="072" ind1=" " ind2="0">
      <subfield code="a">K250</subfield>
    </datafield>
    <datafield tag="072" ind1=" " ind2="0">
      <subfield code="a">X100</subfield>
    </datafield>
    <datafield tag="100" ind1="1" ind2=" ">
      <subfield code="a">Hudak, Andrew T.</subfield>
    </datafield>
    <datafield tag="245" ind1="1" ind2="0">
      <subfield code="a">Integration of lidar and Landsat ETM+ data for estimating and mapping
        forest canopy height</subfield>
    </datafield>
    <datafield tag="300" ind1=" " ind2=" ">
      <subfield code="a">p. 397-416.</subfield>
    </datafield>
    <datafield tag="500" ind1=" " ind2=" ">
      <subfield code="a">Includes references</subfield>
    </datafield>
    <datafield tag="500" ind1=" " ind2=" ">
      <subfield code="a">2019-12-05</subfield>
    </datafield>
    <datafield tag="520" ind1=" " ind2=" ">
      <subfield code="a">Light detection and ranging (lidar) data provide accurate measurements of
        forest canopy structure in the vertical plane; however, current lidar sensors have limited
        coverage in the horizontal plane. Landsat data provide extensive coverage of generalized
        forest structural classes in the horizontal plane but are relatively insensitive to
        variation in forest canopy height. It would, therefore, be desirable to integrate lidar and
        Landsat data to improve the measurement, mapping, and monitoring of forest structural
        attributes. We tested five aspatial and spatial methods for predicting canopy height, using
        an airborne lidar system (Aeroscan) and Landsat Enhanced Thematic Mapper (ETM+) data:
        regression, kriging, cokriging, and kriging and cokriging of regression residuals. Our
        200-km2 study area in western Oregon encompassed Oregon State University's McDonald-Dunn
        Research Forest, which is broadly representative of the age and structural classes common in
        the region. We sampled a spatially continuous lidar coverage in eight systematic patterns to
        determine which lidar sampling strategy would optimize lidar-Landsat integration in western
        Oregon forests: transects sampled at 2000, 1000, 500, and 250 m frequencies, and points
        sampled at these same spatial frequencies. The aspatial regression model results, regardless
        of sampling strategy, preserved actual vegetation pattern, but underestimated taller
        canopies and overestimated shorter canopies. The spatial models, kriging and cokriging,
        produced less biased results than regression but poorly reproduced vegetation pattern,
        especially at the sparser (2000 and 1000 m) sampling frequencies. The spatial model
        predictions were more accurate than the regression model predictions at locations &lt; 200 m
        from sample locations. Cokriging, using the ETM+ panchromatic band as the secondary
        variable, proved slightly more accurate than kriging. The integrated models that kriged or
        cokriged regression residuals were preferable to either the aspatial or spatial models alone
        because they preserved the vegetation pattern like regression yet improved estimation
        accuracies above those predicted from the regression models alone. The 250-m point sampling
        strategy proved most optimal because it oversampled the landscape relative to the
        geostatistical range of actual spatial variation, as indicated by the sample semivariograms,
        while making the sample data volume more manageable. We concluded that an integrated
        modeling strategy is most suitable for estimating and mapping canopy height at locations
        unsampled by lidar, and that a 250-m discrete point sampling strategy mostefficiently
        samples an intensively managed forested landscape in western Oregon.</subfield>
    </datafield>
    <datafield tag="593" ind1=" " ind2=" ">
      <subfield code="a">PubAg article</subfield>
    </datafield>
    <datafield tag="650" ind1=" " ind2="3">
      <subfield code="a">estimation</subfield>
    </datafield>
    <datafield tag="650" ind1=" " ind2="3">
      <subfield code="a">kriging</subfield>
    </datafield>
    <datafield tag="650" ind1=" " ind2="3">
      <subfield code="a">mathematical models</subfield>
    </datafield>
    <datafield tag="650" ind1=" " ind2="3">
      <subfield code="a">lidar</subfield>
    </datafield>
    <datafield tag="650" ind1=" " ind2="3">
      <subfield code="a">forest canopy</subfield>
    </datafield>
    <datafield tag="650" ind1=" " ind2="3">
      <subfield code="a">equations</subfield>
    </datafield>
    <datafield tag="650" ind1=" " ind2="3">
      <subfield code="a">tree and stand measurements</subfield>
    </datafield>
    <datafield tag="650" ind1=" " ind2="3">
      <subfield code="a">height</subfield>
    </datafield>
    <datafield tag="650" ind1=" " ind2="3">
      <subfield code="a">regression analysis</subfield>
    </datafield>
    <datafield tag="650" ind1=" " ind2="3">
      <subfield code="a">spatial data</subfield>
    </datafield>
    <datafield tag="650" ind1=" " ind2="3">
      <subfield code="a">data analysis</subfield>
    </datafield>
    <datafield tag="650" ind1=" " ind2="3">
      <subfield code="a">remote sensing</subfield>
    </datafield>
    <datafield tag="650" ind1=" " ind2="3">
      <subfield code="a">Landsat</subfield>
    </datafield>
    <datafield tag="650" ind1=" " ind2="3">
      <subfield code="a">measurement</subfield>
    </datafield>
    <datafield tag="651" ind1=" " ind2="3">
      <subfield code="a">Oregon</subfield>
    </datafield>
    <datafield tag="653" ind1=" " ind2="0">
      <subfield code="a">semivariograms</subfield>
    </datafield>
    <datafield tag="653" ind1=" " ind2="0">
      <subfield code="a">vegetation structure</subfield>
    </datafield>
    <datafield tag="700" ind1="1" ind2=" ">
      <subfield code="a">Lefsky, Michael A.</subfield>
    </datafield>
    <datafield tag="700" ind1="1" ind2=" ">
      <subfield code="a">Cohen, Warren B.</subfield>
    </datafield>
    <datafield tag="700" ind1="1" ind2=" ">
      <subfield code="a">Berterretche, Mercedes</subfield>
    </datafield>
    <datafield tag="773" ind1="0" ind2=" ">
      <subfield code="t">Remote sensing of environment.</subfield>
      <subfield code="g">2002 Oct., v. 82, no. 2-3 p.397-416</subfield>
      <subfield code="7">nnas</subfield>
    </datafield>
    <datafield tag="787" ind1="1" ind2=" ">
      <subfield code="o">product_pubag</subfield>
    </datafield>
    <datafield tag="787" ind1="1" ind2=" ">
      <subfield code="o">islandora_pubag_with_text</subfield>
    </datafield>
    <datafield tag="787" ind1="1" ind2=" ">
      <subfield code="o">islandora_article_repository</subfield>
    </datafield>
    <datafield tag="852" ind1=" " ind2=" ">
      <subfield code="a">DNAL</subfield>
    </datafield>
    <datafield tag="856" ind1="4" ind2="0">
      <subfield code="u">https://handle.nal.usda.gov/10113/37915</subfield>
      <subfield code="3">Available in the National Agricultural Library PubAg search
        system</subfield>
    </datafield>
    <datafield tag="856" ind1="4" ind2="0">
      <subfield code="u">http://dx.doi.org/10.1016/S0034-4257(02)00056-1</subfield>
      <subfield code="3">Available from publisher's Web site</subfield>
    </datafield>
    <datafield tag="912" ind1=" " ind2=" ">
      <subfield code="a">Article</subfield>
    </datafield>
    <datafield tag="914" ind1=" " ind2=" ">
      <subfield code="f">Remote sensing of environment</subfield>
    </datafield>
    <datafield tag="917" ind1=" " ind2=" ">
      <subfield code="a">issued</subfield>
    </datafield>
    <datafield tag="930" ind1=" " ind2=" ">
      <subfield code="a">20100127</subfield>
      <subfield code="b">20100205</subfield>
      <subfield code="c">00000000</subfield>
    </datafield>
    <datafield tag="935" ind1=" " ind2=" ">
      <subfield code="a">IND44315650</subfield>
      <subfield code="9">ExL</subfield>
    </datafield>
    <datafield tag="945" ind1=" " ind2=" ">
      <subfield code="a">IND</subfield>
      <subfield code="d">LYN</subfield>
      <subfield code="e">2010/01/27</subfield>
    </datafield>
    <datafield tag="946" ind1=" " ind2=" ">
      <subfield code="a">Other US</subfield>
    </datafield>
    <datafield tag="949" ind1=" " ind2=" ">
      <subfield code="a">2016-09-13</subfield>
    </datafield>
    <datafield tag="952" ind1=" " ind2=" ">
      <subfield code="a">20100127 20100205 00000000</subfield>
      <subfield code="b">IND LYN 2010/01/27</subfield>
    </datafield>
    <datafield tag="961" ind1=" " ind2=" ">
      <subfield code="a">USDA/FS</subfield>
    </datafield>
    <datafield tag="974" ind1=" " ind2=" ">
      <subfield code="a">agid:37915</subfield>
    </datafield>
    <datafield tag="984" ind1=" " ind2=" ">
      <subfield code="a">2010-02-06</subfield>
    </datafield>
    <datafield tag="985" ind1=" " ind2=" ">
      <subfield code="a">Converted from MARCXML to MODS version 3.4 using MARC21slim2MODS3-4.xsl
        (Revision 1.95 2014/04/23)</subfield>
    </datafield>
    <datafield tag="986" ind1=" " ind2=" ">
      <subfield code="a">4315650</subfield>
    </datafield>
  </record>