
  <record>
    <leader>05146nab a2200721 u 4500</leader>
    <controlfield tag="001">9916265772807426</controlfield>
    <controlfield tag="005">20221118022249.0</controlfield>
    <controlfield tag="008">220428e202204 xx |||||o|||||||||||eng||</controlfield>
    <datafield tag="016" ind1="7" ind2=" ">
      <subfield code="a">IND607757744</subfield>
      <subfield code="2">DNAL</subfield>
    </datafield>
    <datafield tag="024" ind1="7" ind2=" ">
      <subfield code="a">10.1002/ecs2.4027</subfield>
      <subfield code="2">doi</subfield>
    </datafield>
    <datafield tag="035" ind1=" " ind2=" ">
      <subfield code="a">agid:7757744-01nal_inst</subfield>
    </datafield>
    <datafield tag="040" ind1=" " ind2=" ">
      <subfield code="a">AGL</subfield>
      <subfield code="b">eng</subfield>
      <subfield code="c">AGL</subfield>
    </datafield>
    <datafield tag="100" ind1="1" ind2=" ">
      <subfield code="a">Evans, Bryn E.</subfield>
      <subfield code="e">author</subfield>
      <subfield code="u">Department of Wildlife, Fisheries, and Conservation Biology, University of
        Maine, Orono, Maine, USA</subfield>
      <subfield code="1">https://orcid.org/0000-0003-3501-2119</subfield>
    </datafield>
    <datafield tag="245" ind1="1" ind2="0">
      <subfield code="a">Effects of forest disturbance, snow depth, and intraguild dynamics on
        American marten and fisher occupancy in Maine, USA</subfield>
    </datafield>
    <datafield tag="500" ind1=" " ind2=" ">
      <subfield code="a">JOURNAL ARTICLE</subfield>
    </datafield>
    <datafield tag="520" ind1=" " ind2=" ">
      <subfield code="a">Human land use is a driving force of habitat loss and modification
        globally, with consequences for wildlife species. The American marten (Martes americana) and
        fisher (Pekania pennanti) are forest‐dependent carnivores native to North America. Both
        species suffered population declines due to loss of forested habitat and overharvest for
        furs, and continued habitat modification is an ongoing threat. Furthermore, the smaller
        marten may be susceptible to intraguild exclusion where the larger fisher are abundant, and
        both habitat modification and climate change may reduce spatial refugia available to marten.
        A detailed understanding of co‐occurrence patterns of marten and fisher in landscapes
        subjected to intense forest disturbance represents a key knowledge gap for wildlife ecology
        and management. Maine, in the northeastern United States, supports populations of both these
        species. It is an extensively forested state, and the vast majority is managed as commercial
        timberland. We designed a large‐scale field study to understand the relative importance of
        three sets of predictions for marten and fisher occupancy patterns where commercial
        silviculture is widespread: (1) The intensity of forest disturbance primarily determined
        both marten and fisher occupancy rates, (2) fisher occupancy was limited to areas of
        shallower snow and marten limited by fisher presence, or (3) both species responded to the
        composition of tree species within forested habitat. We collected data to test these
        nonmutually exclusive hypotheses via camera‐trap surveys, using an experimental design
        balanced across a gradient of forest disturbance intensity. We deployed 197 camera stations
        in both summer and winter over 3 years (2017–2020). We tagged over 800,000 images and found
        marten at 124 (63%) and fisher at 168 (85%) of the stations. By fitting multiseason
        occupancy models to the data, we found that the degree of habitat disturbance negatively
        influenced detection, occupancy, and temporal turnover for both species. Contrary to our
        expectations, however, we found no evidence of interspecific competition and instead support
        for positive associations with detection probabilities both spatially and temporally. Both
        species were positively associated with forest stands containing deciduous trees. Our
        findings further illustrate the impact that land use has on the occupancy dynamics for these
        forest‐dependent carnivores.</subfield>
    </datafield>
    <datafield tag="592" ind1=" " ind2=" ">
      <subfield code="a">Publisher supplied data</subfield>
    </datafield>
    <datafield tag="593" ind1=" " ind2=" ">
      <subfield code="a">PubAg article</subfield>
    </datafield>
    <datafield tag="596" ind1=" " ind2=" ">
      <subfield code="c">Maine Department of Inland Fisheries and Wildlife</subfield>
    </datafield>
    <datafield tag="596" ind1=" " ind2=" ">
      <subfield code="c">University of Maine Cooperative Forestry Research Unit</subfield>
    </datafield>
    <datafield tag="596" ind1=" " ind2=" ">
      <subfield code="a">#ME0‐41913</subfield>
      <subfield code="c">USDA National Institute of Food and Agriculture</subfield>
    </datafield>
    <datafield tag="596" ind1=" " ind2=" ">
      <subfield code="c">Center for Undergraduate Research at the University of Maine</subfield>
    </datafield>
    <datafield tag="596" ind1=" " ind2=" ">
      <subfield code="c">Honors College Charlie Slavin Research Fund</subfield>
    </datafield>
    <datafield tag="650" ind1=" " ind2="3">
      <subfield code="a">Martes americana</subfield>
    </datafield>
    <datafield tag="650" ind1=" " ind2="3">
      <subfield code="a">cameras</subfield>
    </datafield>
    <datafield tag="650" ind1=" " ind2="3">
      <subfield code="a">climate change</subfield>
    </datafield>
    <datafield tag="650" ind1=" " ind2="3">
      <subfield code="a">experimental design</subfield>
    </datafield>
    <datafield tag="650" ind1=" " ind2="3">
      <subfield code="a">forest damage</subfield>
    </datafield>
    <datafield tag="650" ind1=" " ind2="3">
      <subfield code="a">forest habitats</subfield>
    </datafield>
    <datafield tag="650" ind1=" " ind2="3">
      <subfield code="a">forests</subfield>
    </datafield>
    <datafield tag="650" ind1=" " ind2="3">
      <subfield code="a">habitat destruction</subfield>
    </datafield>
    <datafield tag="650" ind1=" " ind2="3">
      <subfield code="a">humans</subfield>
    </datafield>
    <datafield tag="650" ind1=" " ind2="3">
      <subfield code="a">interspecific competition</subfield>
    </datafield>
    <datafield tag="650" ind1=" " ind2="3">
      <subfield code="a">land use</subfield>
    </datafield>
    <datafield tag="650" ind1=" " ind2="3">
      <subfield code="a">refuge habitats</subfield>
    </datafield>
    <datafield tag="650" ind1=" " ind2="3">
      <subfield code="a">silviculture</subfield>
    </datafield>
    <datafield tag="650" ind1=" " ind2="3">
      <subfield code="a">snow</subfield>
    </datafield>
    <datafield tag="650" ind1=" " ind2="3">
      <subfield code="a">summer</subfield>
    </datafield>
    <datafield tag="650" ind1=" " ind2="3">
      <subfield code="a">trees</subfield>
    </datafield>
    <datafield tag="650" ind1=" " ind2="3">
      <subfield code="a">wildlife</subfield>
    </datafield>
    <datafield tag="650" ind1=" " ind2="3">
      <subfield code="a">winter</subfield>
    </datafield>
    <datafield tag="651" ind1=" " ind2="3">
      <subfield code="a">Maine</subfield>
    </datafield>
    <datafield tag="700" ind1="1" ind2=" ">
      <subfield code="a">Mortelliti, Alessio</subfield>
      <subfield code="e">author</subfield>
      <subfield code="u">Department of Wildlife, Fisheries, and Conservation Biology, University of
        Maine, Orono, Maine, USA</subfield>
      <subfield code="1">https://orcid.org/0000-0003-0480-6100</subfield>
    </datafield>
    <datafield tag="773" ind1="0" ind2=" ">
      <subfield code="t">Ecosphere.</subfield>
      <subfield code="g">2022 Apr., v. 13, no. 4 p.e4027-</subfield>
      <subfield code="d">John Wiley &amp; Sons, Inc.</subfield>
      <subfield code="w">Journal:12363</subfield>
      <subfield code="x">2150-8925</subfield>
      <subfield code="7">nnas</subfield>
    </datafield>
    <datafield tag="787" ind1="1" ind2=" ">
      <subfield code="o">islandora_article_repository</subfield>
    </datafield>
    <datafield tag="787" ind1="1" ind2=" ">
      <subfield code="o">product_pubag</subfield>
    </datafield>
    <datafield tag="787" ind1="1" ind2=" ">
      <subfield code="o">(Journal)12363</subfield>
    </datafield>
    <datafield tag="856" ind1="4" ind2="0">
      <subfield code="u">https://dx.doi.org/10.1002/ecs2.4027</subfield>
      <subfield code="3">Available from publisher's site</subfield>
    </datafield>
    <datafield tag="912" ind1=" " ind2=" ">
      <subfield code="a">Article</subfield>
    </datafield>
    <datafield tag="914" ind1=" " ind2=" ">
      <subfield code="a">Journal:12363</subfield>
      <subfield code="b">2150-8925</subfield>
      <subfield code="c">13</subfield>
      <subfield code="d">4</subfield>
      <subfield code="e">e4027</subfield>
    </datafield>
    <datafield tag="914" ind1=" " ind2=" ">
      <subfield code="f">Ecosphere</subfield>
    </datafield>
    <datafield tag="916" ind1=" " ind2=" ">
      <subfield code="a">Batch:10254</subfield>
    </datafield>
    <datafield tag="917" ind1=" " ind2=" ">
      <subfield code="a">issued</subfield>
    </datafield>
    <datafield tag="918" ind1="2" ind2=" ">
      <subfield code="a">John Wiley &amp; Sons, Inc</subfield>
      <subfield code="e">provider</subfield>
      <subfield code="5">DNAL</subfield>
    </datafield>
    <datafield tag="935" ind1=" " ind2=" ">
      <subfield code="a">IND607757744</subfield>
      <subfield code="9">ExL</subfield>
    </datafield>
    <datafield tag="949" ind1=" " ind2=" ">
      <subfield code="a">2022-04-28</subfield>
    </datafield>
    <datafield tag="952" ind1=" " ind2=" ">
      <subfield code="d">NAL-AP-2-clean</subfield>
    </datafield>
    <datafield tag="953" ind1=" " ind2=" ">
      <subfield code="a">/data/metadata/incoming/wiley/21508925_2022_13_4.xml</subfield>
    </datafield>
    <datafield tag="954" ind1=" " ind2=" ">
      <subfield code="a">file:/data/metadata/staging/wiley/21508925_2022_13_4.xml</subfield>
    </datafield>
    <datafield tag="955" ind1=" " ind2=" ">
      <subfield code="a">/data/metadata/staging/wiley/</subfield>
    </datafield>
    <datafield tag="974" ind1=" " ind2=" ">
      <subfield code="a">agid:7757744</subfield>
    </datafield>
    <datafield tag="983" ind1=" " ind2=" ">
      <subfield code="a">2022-04-28</subfield>
    </datafield>
    <datafield tag="984" ind1=" " ind2=" ">
      <subfield code="a">2022-04-28</subfield>
    </datafield>
  </record>