
  <record>
    <leader>06548nab a2200685 u 4500</leader>
    <controlfield tag="001">9916265946407426</controlfield>
    <controlfield tag="005">20221118022439.0</controlfield>
    <controlfield tag="008">151127e200809 xx |||||o|||||||||||eng||</controlfield>
    <datafield tag="016" ind1="7" ind2=" ">
      <subfield code="a">IND44110508</subfield>
      <subfield code="2">DNAL</subfield>
    </datafield>
    <datafield tag="024" ind1="7" ind2=" ">
      <subfield code="a">10113/21167</subfield>
      <subfield code="2">hdl</subfield>
    </datafield>
    <datafield tag="024" ind1="7" ind2=" ">
      <subfield code="a">10.1614/WS-07-032.1</subfield>
      <subfield code="2">doi</subfield>
    </datafield>
    <datafield tag="035" ind1=" " ind2=" ">
      <subfield code="a">agid:21167-01nal_inst</subfield>
    </datafield>
    <datafield tag="040" ind1=" " ind2=" ">
      <subfield code="a">AGL</subfield>
      <subfield code="b">eng</subfield>
      <subfield code="c">AGL</subfield>
    </datafield>
    <datafield tag="100" ind1="1" ind2=" ">
      <subfield code="a">Mueller-Warrant, George W.</subfield>
      <subfield code="e">author</subfield>
    </datafield>
    <datafield tag="245" ind1="1" ind2="0">
      <subfield code="a">GIS Analysis of Spatial Clustering and Temporal Change in Weeds of Grass
        Seed Crops</subfield>
    </datafield>
    <datafield tag="300" ind1=" " ind2=" ">
      <subfield code="a">p. 647-669.</subfield>
    </datafield>
    <datafield tag="500" ind1=" " ind2=" ">
      <subfield code="a">2019-12-04</subfield>
    </datafield>
    <datafield tag="520" ind1=" " ind2=" ">
      <subfield code="a">Ten years of Oregon Seed Certification Service (OSCS) preharvest field
        inspections converted from a nonspatial database to a geographic information system (GIS)
        were analyzed for patterns in spatial distribution of occurrence and severity of the 36 most
        common weeds of grass seed crops. This was done under the assumptions that those patterns
        would be primarily consequences of interactions among farming practices, soil properties,
        and biological traits of the weeds, and that improved understanding of the interactions
        would benefit the grass seed industry. Kriging, Ripley's K-function, and both Moran's I
        spatial autocorrelation and Getis-Ord General G high/low clustering using the multiple fixed
        distance band option all produced roughly similar classifications of weeds possessing
        strongest and weakest spatial clustering patterns. When Moran's I and General G analyses of
        maximum weed severity observed within individual fields over the life of stands were
        conducted using the inverse distance weighting option, however, results were highly
        sensitive to the presence of a small number of overlapping fields in the 10-yr record.
        Addition of any offset in the range from 6 to 6,437 m to measured distances between field
        centroids in inverse distance weighting matrices removed this sensitivity, and produced
        results closely matching those for the multiple fixed distance band method. Clustering was
        significant for maximum severity within fields over the 10-yr period for all 43 weeds and in
        78%% of single-year analyses. The remaining 22%% of single-year cases showed random rather
        than dispersed distribution patterns. In decreasing order, weeds with strongest
        inverse-distance spatial autocorrelation were German velvetgrass, field bindweed, roughstalk
        bluegrass, annual bluegrass, orchardgrass, common velvetgrass, Italian ryegrass, Agrostis
        spp., and perennial ryegrass. Of these nine weeds, distance for peak spatial autocorrelation
        ranged from 2 km for Agrostis spp. to 34 km for common velvetgrass. Weeds with stronger
        spatial autocorrelation had greater range between distance of peak spatial autocorrelation
        and maximum range of significance. Z-scores for General G high/low clustering were
        substantially lower than corresponding values for Moran's I spatial autocorrelation,
        although the same two weeds (German velvetgrass and field bindweed) showed strongest
        clustering using both measures. Simultaneous patterns in Moran's I and General G implied
        that management practices relatively ineffective in controlling weeds usually played a
        greater role in causing weeds to cluster than highly effective practices, although both
        types of practices impacted Italian ryegrass distribution. Distance of peak high/low
        clustering among perennial weeds was smallest (1 to 3 km) for Canada thistle, field
        bindweed, Agrostis spp., and western wildcucumber, likely indicating that these weeds
        occurred in patchy infestations extending across neighboring fields. Although both wild
        carrot and field bindweed doubled in average severity over the period from 1994 to 2003,
        wild carrot was the only weed clearly undergoing an increase in spatial autocorrelation.
        Soil chemical and physical properties and dummy variables for soil type and crop explained
        small but significant portions of total variance in redundancy and canonical correspondence
        analysis of weed occurrence and severity. Fitch-Morgoliash tree diagrams and Redundancy
        Analysis (RDA) and Canonical Correspondence Analysis (CCA) ordinations revealed substantial
        differences among soil types in weed occurrence and severity. Gi** local hot-spot clustering
        combined with feature class to raster conversion protected grower expectations of
        confidentiality while describing dominant spatial features of weed distribution patterns in
        maps released to the public.Nomenclature: Annual bluegrass, Poa annua L. POAAN; Canada
        thistle, Cirsium arvense (L.) Scop. CIRAR; common velvetgrass, Holcus lanatus L. HOLLA;
        field bindweed, Convolvulus arvensis L. CONAR; German velvetgrass, Holcus mollis L. HOLMO;
        Italian ryegrass, Lolium multiflorum Lam. LOLMU; orchardgrass, Dactylis glomerata L. DACGL;
        perennial ryegrass, Lolium perenne L. LOLPE; roughstalk bluegrass, Poa trivialis L. POATR;
        western wildcucumber, Marah oreganus (T. &amp; G.) T. J. Howell ECNOR; wild carrot, Daucus
        carota L. DAUCA.</subfield>
    </datafield>
    <datafield tag="592" ind1=" " ind2=" ">
      <subfield code="a">Publisher supplied data</subfield>
    </datafield>
    <datafield tag="593" ind1=" " ind2=" ">
      <subfield code="a">PubAg article</subfield>
    </datafield>
    <datafield tag="593" ind1=" " ind2=" ">
      <subfield code="c">USDA submission</subfield>
    </datafield>
    <datafield tag="650" ind1=" " ind2="3">
      <subfield code="a">temporal variation</subfield>
    </datafield>
    <datafield tag="650" ind1=" " ind2="3">
      <subfield code="a">kriging</subfield>
    </datafield>
    <datafield tag="650" ind1=" " ind2="3">
      <subfield code="a">seed crop production</subfield>
    </datafield>
    <datafield tag="650" ind1=" " ind2="3">
      <subfield code="a">seed certification</subfield>
    </datafield>
    <datafield tag="650" ind1=" " ind2="3">
      <subfield code="a">spatial distribution</subfield>
    </datafield>
    <datafield tag="650" ind1=" " ind2="3">
      <subfield code="a">lawns and turf</subfield>
    </datafield>
    <datafield tag="650" ind1=" " ind2="3">
      <subfield code="a">geographic information systems</subfield>
    </datafield>
    <datafield tag="650" ind1=" " ind2="3">
      <subfield code="a">spatial data</subfield>
    </datafield>
    <datafield tag="650" ind1=" " ind2="3">
      <subfield code="a">soil types</subfield>
    </datafield>
    <datafield tag="650" ind1=" " ind2="3">
      <subfield code="a">spatial variation</subfield>
    </datafield>
    <datafield tag="650" ind1=" " ind2="3">
      <subfield code="a">grass weeds</subfield>
    </datafield>
    <datafield tag="650" ind1=" " ind2="3">
      <subfield code="a">turf grasses</subfield>
    </datafield>
    <datafield tag="651" ind1=" " ind2="3">
      <subfield code="a">Oregon</subfield>
    </datafield>
    <datafield tag="653" ind1=" " ind2="0">
      <subfield code="a">Getis-Ord Gi** hot spot analysis</subfield>
    </datafield>
    <datafield tag="653" ind1=" " ind2="0">
      <subfield code="a">Moran's I spatial autocorrelation</subfield>
    </datafield>
    <datafield tag="653" ind1=" " ind2="0">
      <subfield code="a">weeds</subfield>
    </datafield>
    <datafield tag="653" ind1=" " ind2="0">
      <subfield code="a">Getis-Ord General G high/low clustering</subfield>
    </datafield>
    <datafield tag="700" ind1="1" ind2=" ">
      <subfield code="a">Whittaker, Gerald W.</subfield>
      <subfield code="e">author</subfield>
    </datafield>
    <datafield tag="700" ind1="1" ind2=" ">
      <subfield code="a">Young, William C.</subfield>
      <subfield code="e">author</subfield>
    </datafield>
    <datafield tag="773" ind1="0" ind2=" ">
      <subfield code="t">Weed science.</subfield>
      <subfield code="g">2008 Sept., v. 56, no. 5 p.647-669</subfield>
      <subfield code="d">Weed Science Society of America</subfield>
      <subfield code="x">0043-1745</subfield>
      <subfield code="7">nnas</subfield>
    </datafield>
    <datafield tag="787" ind1="1" ind2=" ">
      <subfield code="o">product_pubag</subfield>
    </datafield>
    <datafield tag="787" ind1="1" ind2=" ">
      <subfield code="o">islandora_article_repository</subfield>
    </datafield>
    <datafield tag="787" ind1="1" ind2=" ">
      <subfield code="o">islandora_pubag_with_text</subfield>
    </datafield>
    <datafield tag="787" ind1="1" ind2=" ">
      <subfield code="o">(Journal)jnl2174</subfield>
    </datafield>
    <datafield tag="856" ind1="4" ind2="0">
      <subfield code="u">https://handle.nal.usda.gov/10113/21167</subfield>
      <subfield code="3">Available in the National Agricultural Library PubAg search
        system</subfield>
    </datafield>
    <datafield tag="856" ind1="4" ind2="0">
      <subfield code="u">http://dx.doi.org/10.1614%2FWS-07-032.1</subfield>
      <subfield code="3">Available from publisher's site</subfield>
    </datafield>
    <datafield tag="912" ind1=" " ind2=" ">
      <subfield code="a">Article</subfield>
    </datafield>
    <datafield tag="914" ind1=" " ind2=" ">
      <subfield code="a">Journal:jnl2174</subfield>
      <subfield code="b">0043-1745</subfield>
      <subfield code="c">56</subfield>
      <subfield code="d">5</subfield>
      <subfield code="e">647</subfield>
    </datafield>
    <datafield tag="914" ind1=" " ind2=" ">
      <subfield code="f">Weed science</subfield>
    </datafield>
    <datafield tag="917" ind1=" " ind2=" ">
      <subfield code="a">issued</subfield>
    </datafield>
    <datafield tag="918" ind1="2" ind2=" ">
      <subfield code="a">BioOne</subfield>
      <subfield code="e">provider</subfield>
      <subfield code="5">DNAL</subfield>
    </datafield>
    <datafield tag="935" ind1=" " ind2=" ">
      <subfield code="a">IND44110508</subfield>
      <subfield code="9">ExL</subfield>
    </datafield>
    <datafield tag="949" ind1=" " ind2=" ">
      <subfield code="a">2014-07-17</subfield>
    </datafield>
    <datafield tag="953" ind1=" " ind2=" ">
      <subfield code="a">WEESv56i5-04290105-175178.zip</subfield>
    </datafield>
    <datafield tag="961" ind1=" " ind2=" ">
      <subfield code="a">USDA/ARS</subfield>
    </datafield>
    <datafield tag="974" ind1=" " ind2=" ">
      <subfield code="a">agid:21167</subfield>
    </datafield>
    <datafield tag="983" ind1=" " ind2=" ">
      <subfield code="a">2015-11-27</subfield>
    </datafield>
    <datafield tag="984" ind1=" " ind2=" ">
      <subfield code="a">2015-11-27</subfield>
    </datafield>
    <datafield tag="986" ind1=" " ind2=" ">
      <subfield code="a">4110508</subfield>
    </datafield>
  </record>