
  <record>
    <leader>05535nab a2200853 u 4500</leader>
    <controlfield tag="001">9916266722907426</controlfield>
    <controlfield tag="005">20221118023325.0</controlfield>
    <controlfield tag="008">190318e201401 xx |||||o|||||||||||eng||</controlfield>
    <datafield tag="016" ind1="7" ind2=" ">
      <subfield code="a">IND605406730</subfield>
      <subfield code="2">DNAL</subfield>
    </datafield>
    <datafield tag="024" ind1="7" ind2=" ">
      <subfield code="a">10.1016/j.apgeog.2013.09.020</subfield>
      <subfield code="2">doi</subfield>
    </datafield>
    <datafield tag="035" ind1=" " ind2=" ">
      <subfield code="a">agid:5406730-01nal_inst</subfield>
    </datafield>
    <datafield tag="040" ind1=" " ind2=" ">
      <subfield code="a">AGL</subfield>
      <subfield code="b">eng</subfield>
      <subfield code="c">AGL</subfield>
    </datafield>
    <datafield tag="100" ind1="1" ind2=" ">
      <subfield code="a">Butler, Brett J.</subfield>
      <subfield code="e">author</subfield>
      <subfield code="u">USDA Forest Service, Northern Research Station, 160 Holdsworth Way,
        Amherst, MA 01003, USA</subfield>
    </datafield>
    <datafield tag="245" ind1="1" ind2="2">
      <subfield code="a">A comparison of techniques for generating forest ownership spatial
        products</subfield>
    </datafield>
    <datafield tag="300" ind1=" " ind2=" ">
      <subfield code="a">p. 21-34.</subfield>
    </datafield>
    <datafield tag="520" ind1=" " ind2=" ">
      <subfield code="a">To fully understand forest resources, it is imperative to understand the
        social context in which the forests exist. A pivotal part of that context is the forest
        ownership. It is the owners, operating within biophysical and social constraints, who
        ultimately decide if the land will remain forested, how the resources will be used, and by
        whom. Forest ownership patterns vary substantially across the United States. These
        distributions are traditionally represented with tabular statistics that fail to capture the
        spatial patterns of ownership. Existing spatial products are not sufficient for many
        strategic-level planning needs because they are not electronically available for large areas
        (e.g., parcels maps) or do not provide detailed ownership categories (e.g., only depict
        private versus public ownership). Thiessen polygon, multinomial logit, and classification
        tree methods were tested for producing a forest ownership spatial dataset across four states
        with divergent ownership patterns: Alabama, Arizona, Michigan, and Oregon. Over 17,000
        sample points with classified forest ownership, collected as part of the USDA Forest
        Service, Forest Inventory and Analysis (FIA) program, were divided into two datasets, one
        used as the dependent variable across all of the models and 10 percent of the points were
        retained for validation across the models. Additional model inputs included a polygon
        coverage of public lands from the Conservation Biology Institute’s Protected Areas Database
        (PAD) and data representing human population pressures, road densities, forest
        characteristics, land cover, and other attributes. The Thiessen polygon approach predicted
        ownership patterns based on proximity to the sample points in the model dataset and
        subsequent combining with the PAD ownership data layer. The multinomial logit and
        classification tree approaches predicted the ownership at the validation points based on the
        PAD ownership information and data representing human population, road, forest, land cover,
        and other attributes. The percentage of validation points across the four states correctly
        predicted ranged from 76.3 to 78.9 among the methods with corresponding weighted kappa
        values ranging from 0.73 to 0.76. Different methods performed slightly, but statistically
        significantly, better in different states Overall, the Thiessen polygon method was deemed
        preferable because: it has a lower bias towards dominant ownership categories; requires
        fewer inputs; and is simpler to implement.</subfield>
    </datafield>
    <datafield tag="592" ind1=" " ind2=" ">
      <subfield code="a">Publisher supplied data</subfield>
    </datafield>
    <datafield tag="593" ind1=" " ind2=" ">
      <subfield code="a">PubAg article</subfield>
    </datafield>
    <datafield tag="650" ind1=" " ind2="3">
      <subfield code="a">USDA Forest Service</subfield>
    </datafield>
    <datafield tag="650" ind1=" " ind2="3">
      <subfield code="a">conservation areas</subfield>
    </datafield>
    <datafield tag="650" ind1=" " ind2="3">
      <subfield code="a">data collection</subfield>
    </datafield>
    <datafield tag="650" ind1=" " ind2="3">
      <subfield code="a">databases</subfield>
    </datafield>
    <datafield tag="650" ind1=" " ind2="3">
      <subfield code="a">forest inventory</subfield>
    </datafield>
    <datafield tag="650" ind1=" " ind2="3">
      <subfield code="a">forest ownership</subfield>
    </datafield>
    <datafield tag="650" ind1=" " ind2="3">
      <subfield code="a">forest resources</subfield>
    </datafield>
    <datafield tag="650" ind1=" " ind2="3">
      <subfield code="a">forests</subfield>
    </datafield>
    <datafield tag="650" ind1=" " ind2="3">
      <subfield code="a">geography</subfield>
    </datafield>
    <datafield tag="650" ind1=" " ind2="3">
      <subfield code="a">human population</subfield>
    </datafield>
    <datafield tag="650" ind1=" " ind2="3">
      <subfield code="a">land cover</subfield>
    </datafield>
    <datafield tag="650" ind1=" " ind2="3">
      <subfield code="a">models</subfield>
    </datafield>
    <datafield tag="650" ind1=" " ind2="3">
      <subfield code="a">planning</subfield>
    </datafield>
    <datafield tag="650" ind1=" " ind2="3">
      <subfield code="a">public lands</subfield>
    </datafield>
    <datafield tag="650" ind1=" " ind2="3">
      <subfield code="a">public ownership</subfield>
    </datafield>
    <datafield tag="650" ind1=" " ind2="3">
      <subfield code="a">spatial data</subfield>
    </datafield>
    <datafield tag="650" ind1=" " ind2="3">
      <subfield code="a">statistics</subfield>
    </datafield>
    <datafield tag="650" ind1=" " ind2="3">
      <subfield code="a">wildlife management</subfield>
    </datafield>
    <datafield tag="651" ind1=" " ind2="3">
      <subfield code="a">Alabama</subfield>
    </datafield>
    <datafield tag="651" ind1=" " ind2="3">
      <subfield code="a">Arizona</subfield>
    </datafield>
    <datafield tag="651" ind1=" " ind2="3">
      <subfield code="a">Michigan</subfield>
    </datafield>
    <datafield tag="651" ind1=" " ind2="3">
      <subfield code="a">Oregon</subfield>
    </datafield>
    <datafield tag="653" ind1=" " ind2="0">
      <subfield code="a">Thiessen polygon</subfield>
    </datafield>
    <datafield tag="653" ind1=" " ind2="0">
      <subfield code="a">Multinomial logit</subfield>
    </datafield>
    <datafield tag="653" ind1=" " ind2="0">
      <subfield code="a">Classification tree</subfield>
    </datafield>
    <datafield tag="653" ind1=" " ind2="0">
      <subfield code="a">United States</subfield>
    </datafield>
    <datafield tag="653" ind1=" " ind2="0">
      <subfield code="a">Forest inventory and analysis</subfield>
    </datafield>
    <datafield tag="653" ind1=" " ind2="0">
      <subfield code="a">Protected areas database</subfield>
    </datafield>
    <datafield tag="653" ind1=" " ind2="0">
      <subfield code="a">FIA</subfield>
    </datafield>
    <datafield tag="653" ind1=" " ind2="0">
      <subfield code="a">NLCD</subfield>
    </datafield>
    <datafield tag="653" ind1=" " ind2="0">
      <subfield code="a">PAD</subfield>
    </datafield>
    <datafield tag="653" ind1=" " ind2="0">
      <subfield code="a">USDA-FS</subfield>
    </datafield>
    <datafield tag="700" ind1="1" ind2=" ">
      <subfield code="a">Hewes, Jaketon H.</subfield>
      <subfield code="e">author</subfield>
      <subfield code="u">USDA Forest Service/University of Massachusetts Amherst Family Forest
        Research Center, 160 Holdsworth Way, Amherst, MA 01003, USA</subfield>
    </datafield>
    <datafield tag="700" ind1="1" ind2=" ">
      <subfield code="a">Liknes, Greg C.</subfield>
      <subfield code="e">author</subfield>
      <subfield code="u">USDA Forest Service, Northern Research Station, 1992 Folwell Avenue, St.
        Paul, MN 55108, USA</subfield>
    </datafield>
    <datafield tag="700" ind1="1" ind2=" ">
      <subfield code="a">Nelson, Mark D.</subfield>
      <subfield code="e">author</subfield>
      <subfield code="u">USDA Forest Service, Northern Research Station, 1992 Folwell Avenue, St.
        Paul, MN 55108, USA</subfield>
    </datafield>
    <datafield tag="700" ind1="1" ind2=" ">
      <subfield code="a">Snyder, Stephanie A.</subfield>
      <subfield code="e">author</subfield>
      <subfield code="u">USDA Forest Service, Northern Research Station, 1992 Folwell Avenue, St.
        Paul, MN 55108, USA</subfield>
    </datafield>
    <datafield tag="773" ind1="0" ind2=" ">
      <subfield code="t">Applied geography.</subfield>
      <subfield code="g">2014 Jan., v. 46 p.21-34</subfield>
      <subfield code="d">Elsevier Ltd</subfield>
      <subfield code="w">Journal:11785</subfield>
      <subfield code="x">0143-6228</subfield>
      <subfield code="7">nnas</subfield>
    </datafield>
    <datafield tag="787" ind1="1" ind2=" ">
      <subfield code="o">islandora_article_repository</subfield>
    </datafield>
    <datafield tag="787" ind1="1" ind2=" ">
      <subfield code="o">product_pubag</subfield>
    </datafield>
    <datafield tag="787" ind1="1" ind2=" ">
      <subfield code="o">(Journal)11785</subfield>
    </datafield>
    <datafield tag="856" ind1="4" ind2="0">
      <subfield code="u">https://dx.doi.org/10.1016/j.apgeog.2013.09.020</subfield>
      <subfield code="3">Available from publisher's site</subfield>
    </datafield>
    <datafield tag="912" ind1=" " ind2=" ">
      <subfield code="a">Article</subfield>
    </datafield>
    <datafield tag="914" ind1=" " ind2=" ">
      <subfield code="a">Journal:11785</subfield>
      <subfield code="b">0143-6228</subfield>
      <subfield code="c">46</subfield>
      <subfield code="e">21</subfield>
    </datafield>
    <datafield tag="914" ind1=" " ind2=" ">
      <subfield code="f">Applied geography</subfield>
    </datafield>
    <datafield tag="916" ind1=" " ind2=" ">
      <subfield code="a">Batch:1486</subfield>
    </datafield>
    <datafield tag="917" ind1=" " ind2=" ">
      <subfield code="a">issued</subfield>
    </datafield>
    <datafield tag="918" ind1="2" ind2=" ">
      <subfield code="a">Elsevier Consyn</subfield>
      <subfield code="e">provider</subfield>
      <subfield code="5">DNAL</subfield>
    </datafield>
    <datafield tag="935" ind1=" " ind2=" ">
      <subfield code="a">IND605406730</subfield>
      <subfield code="9">ExL</subfield>
    </datafield>
    <datafield tag="949" ind1=" " ind2=" ">
      <subfield code="a">2019-03-18</subfield>
    </datafield>
    <datafield tag="953" ind1=" " ind2=" ">
      <subfield code="a">/data/metadata/incoming/consyn/46-2-00024-HEAD-ONLY.zip</subfield>
    </datafield>
    <datafield tag="954" ind1=" " ind2=" ">
      <subfield code="a">file:/data/metadata/staging/consyn/S0143622813002348.xml</subfield>
    </datafield>
    <datafield tag="955" ind1=" " ind2=" ">
      <subfield code="a">/data/metadata/staging/consyn/</subfield>
    </datafield>
    <datafield tag="961" ind1=" " ind2=" ">
      <subfield code="a">USDA/FS</subfield>
    </datafield>
    <datafield tag="974" ind1=" " ind2=" ">
      <subfield code="a">agid:5406730</subfield>
    </datafield>
    <datafield tag="983" ind1=" " ind2=" ">
      <subfield code="a">2019-03-18</subfield>
    </datafield>
    <datafield tag="984" ind1=" " ind2=" ">
      <subfield code="a">2019-03-18</subfield>
    </datafield>
  </record>