
  <record>
    <leader>04589nab a2200697 u 4500</leader>
    <controlfield tag="001">9916266724507426</controlfield>
    <controlfield tag="005">20221118023430.0</controlfield>
    <controlfield tag="008">190318e201402 xx |||||o|||||||||||eng||</controlfield>
    <datafield tag="016" ind1="7" ind2=" ">
      <subfield code="a">IND605406761</subfield>
      <subfield code="2">DNAL</subfield>
    </datafield>
    <datafield tag="024" ind1="7" ind2=" ">
      <subfield code="a">10.1016/j.apgeog.2013.12.010</subfield>
      <subfield code="2">doi</subfield>
    </datafield>
    <datafield tag="035" ind1=" " ind2=" ">
      <subfield code="a">agid:5406761-01nal_inst</subfield>
    </datafield>
    <datafield tag="040" ind1=" " ind2=" ">
      <subfield code="a">AGL</subfield>
      <subfield code="b">eng</subfield>
      <subfield code="c">AGL</subfield>
    </datafield>
    <datafield tag="100" ind1="1" ind2=" ">
      <subfield code="a">Van Den Hoek, Jamon</subfield>
      <subfield code="e">author</subfield>
      <subfield code="u">Department of Geography, University of Wisconsin, 550 N. Park St., Madison,
        WI 53706, USA</subfield>
      <subfield code="1">https://orcid.org/0000-0001-8074-0022</subfield>
    </datafield>
    <datafield tag="245" ind1="1" ind2="0">
      <subfield code="a">Evaluating forest policy implementation effectiveness with a cross-scale
        remote sensing analysis in a priority conservation area of Southwest China</subfield>
    </datafield>
    <datafield tag="300" ind1=" " ind2=" ">
      <subfield code="a">p. 177-189.</subfield>
    </datafield>
    <datafield tag="520" ind1=" " ind2=" ">
      <subfield code="a">China's Natural Forest Protection Program (NFPP) and Sloping Land
        Conversion Program (SLCP), introduced in 1998 and 1999, respectively, are integral parts of
        the world's largest reforestation effort. State-reported forest cover data indicate
        effective policy implementation through net forest cover expansion but overlook the
        scale-dependence of and spatial variation in forest cover change patterns and also lack
        reliable data on small-scale and illegal logging. As a result, there is considerable
        uncertainty over the spatial distribution of forest cover change and ultimately the
        policies' effectiveness at increasing forest cover. This research uses Landsat Thematic
        Mapper imagery-derived multitemporal Tasseled Cap variables and a decision tree classifier
        to map short- and long-term forest cover change across three administrative levels in the
        priority conservation area of Diqing Tibetan Autonomous Prefecture in Yunnan Province.
        Results indicate a 73% reduction in the rate of forest cover loss and a more than doubled
        rate of forest cover gain from 1990–1999 to 1999–2009 across the prefecture, both of which
        support a positive assessment of policy implementation. However, prefectural results are
        countered by spatially disparate forest cover gain and loss trends at the county- and
        township-level in the decade following the policies' introductions. Further, more than half
        of Diqing's townships, mainly those in the prefecture's south where tourism has been rapidly
        developing, saw continued net forest cover loss attributable to small-scale timber
        harvesting for tourism-driven construction. This research thus exposes cross-scale spatially
        disparate forest cover change indicative of highly differentiated policy implementation
        effectiveness, and shows the pattern by which regional development has redirected, rather
        than reduced, forest cover loss, contrary to the goals of the NFPP and SLCP.</subfield>
    </datafield>
    <datafield tag="592" ind1=" " ind2=" ">
      <subfield code="a">Publisher supplied data</subfield>
    </datafield>
    <datafield tag="593" ind1=" " ind2=" ">
      <subfield code="a">PubAg article</subfield>
    </datafield>
    <datafield tag="650" ind1=" " ind2="3">
      <subfield code="a">Landsat</subfield>
    </datafield>
    <datafield tag="650" ind1=" " ind2="3">
      <subfield code="a">decision support systems</subfield>
    </datafield>
    <datafield tag="650" ind1=" " ind2="3">
      <subfield code="a">forest policy</subfield>
    </datafield>
    <datafield tag="650" ind1=" " ind2="3">
      <subfield code="a">forests</subfield>
    </datafield>
    <datafield tag="650" ind1=" " ind2="3">
      <subfield code="a">geography</subfield>
    </datafield>
    <datafield tag="650" ind1=" " ind2="3">
      <subfield code="a">land use change</subfield>
    </datafield>
    <datafield tag="650" ind1=" " ind2="3">
      <subfield code="a">logging</subfield>
    </datafield>
    <datafield tag="650" ind1=" " ind2="3">
      <subfield code="a">reforestation</subfield>
    </datafield>
    <datafield tag="650" ind1=" " ind2="3">
      <subfield code="a">remote sensing</subfield>
    </datafield>
    <datafield tag="650" ind1=" " ind2="3">
      <subfield code="a">thematic maps</subfield>
    </datafield>
    <datafield tag="650" ind1=" " ind2="3">
      <subfield code="a">topographic slope</subfield>
    </datafield>
    <datafield tag="650" ind1=" " ind2="3">
      <subfield code="a">tourism</subfield>
    </datafield>
    <datafield tag="650" ind1=" " ind2="3">
      <subfield code="a">uncertainty</subfield>
    </datafield>
    <datafield tag="651" ind1=" " ind2="3">
      <subfield code="a">China</subfield>
    </datafield>
    <datafield tag="653" ind1=" " ind2="0">
      <subfield code="a">China</subfield>
    </datafield>
    <datafield tag="653" ind1=" " ind2="0">
      <subfield code="a">Deforestation</subfield>
    </datafield>
    <datafield tag="653" ind1=" " ind2="0">
      <subfield code="a">Forest policy</subfield>
    </datafield>
    <datafield tag="653" ind1=" " ind2="0">
      <subfield code="a">Cross-scale</subfield>
    </datafield>
    <datafield tag="653" ind1=" " ind2="0">
      <subfield code="a">Spatial variability</subfield>
    </datafield>
    <datafield tag="653" ind1=" " ind2="0">
      <subfield code="a">Natural Forest Protection Program</subfield>
    </datafield>
    <datafield tag="653" ind1=" " ind2="0">
      <subfield code="a">Sloping Land Conversion Program</subfield>
    </datafield>
    <datafield tag="700" ind1="1" ind2=" ">
      <subfield code="a">Ozdogan, Mutlu</subfield>
      <subfield code="e">author</subfield>
      <subfield code="u">Department of Forest and Wildlife Ecology, University of Wisconsin, 1630
        Linden Dr., Madison, WI 53706, USA</subfield>
    </datafield>
    <datafield tag="700" ind1="1" ind2=" ">
      <subfield code="a">Burnicki, Amy</subfield>
      <subfield code="e">author</subfield>
      <subfield code="u">School of Natural Resources &amp; Environment, University of Michigan, 440
        Church St., Ann Arbor, MI 48109, USA</subfield>
    </datafield>
    <datafield tag="700" ind1="1" ind2=" ">
      <subfield code="a">Zhu, A-Xing</subfield>
      <subfield code="e">author</subfield>
      <subfield code="u">Department of Geography, University of Wisconsin, 550 N. Park St., Madison,
        WI 53706, USA</subfield>
    </datafield>
    <datafield tag="773" ind1="0" ind2=" ">
      <subfield code="t">Applied geography.</subfield>
      <subfield code="g">2014 Feb., v. 47 p.177-189</subfield>
      <subfield code="d">Elsevier Ltd</subfield>
      <subfield code="w">Journal:11785</subfield>
      <subfield code="x">0143-6228</subfield>
      <subfield code="7">nnas</subfield>
    </datafield>
    <datafield tag="787" ind1="1" ind2=" ">
      <subfield code="o">islandora_article_repository</subfield>
    </datafield>
    <datafield tag="787" ind1="1" ind2=" ">
      <subfield code="o">product_pubag</subfield>
    </datafield>
    <datafield tag="787" ind1="1" ind2=" ">
      <subfield code="o">(Journal)11785</subfield>
    </datafield>
    <datafield tag="856" ind1="4" ind2="0">
      <subfield code="u">https://dx.doi.org/10.1016/j.apgeog.2013.12.010</subfield>
      <subfield code="3">Available from publisher's site</subfield>
    </datafield>
    <datafield tag="912" ind1=" " ind2=" ">
      <subfield code="a">Article</subfield>
    </datafield>
    <datafield tag="914" ind1=" " ind2=" ">
      <subfield code="a">Journal:11785</subfield>
      <subfield code="b">0143-6228</subfield>
      <subfield code="c">47</subfield>
      <subfield code="e">177</subfield>
    </datafield>
    <datafield tag="914" ind1=" " ind2=" ">
      <subfield code="f">Applied geography</subfield>
    </datafield>
    <datafield tag="916" ind1=" " ind2=" ">
      <subfield code="a">Batch:1486</subfield>
    </datafield>
    <datafield tag="917" ind1=" " ind2=" ">
      <subfield code="a">issued</subfield>
    </datafield>
    <datafield tag="918" ind1="2" ind2=" ">
      <subfield code="a">Elsevier Consyn</subfield>
      <subfield code="e">provider</subfield>
      <subfield code="5">DNAL</subfield>
    </datafield>
    <datafield tag="935" ind1=" " ind2=" ">
      <subfield code="a">IND605406761</subfield>
      <subfield code="9">ExL</subfield>
    </datafield>
    <datafield tag="949" ind1=" " ind2=" ">
      <subfield code="a">2019-03-18</subfield>
    </datafield>
    <datafield tag="953" ind1=" " ind2=" ">
      <subfield code="a">/data/metadata/incoming/consyn/46-2-00024-HEAD-ONLY.zip</subfield>
    </datafield>
    <datafield tag="954" ind1=" " ind2=" ">
      <subfield code="a">file:/data/metadata/staging/consyn/S0143622813002956.xml</subfield>
    </datafield>
    <datafield tag="955" ind1=" " ind2=" ">
      <subfield code="a">/data/metadata/staging/consyn/</subfield>
    </datafield>
    <datafield tag="974" ind1=" " ind2=" ">
      <subfield code="a">agid:5406761</subfield>
    </datafield>
    <datafield tag="983" ind1=" " ind2=" ">
      <subfield code="a">2019-03-18</subfield>
    </datafield>
    <datafield tag="984" ind1=" " ind2=" ">
      <subfield code="a">2019-03-18</subfield>
    </datafield>
  </record>