
  <record>
    <leader>04131nab a2200685 u 4500</leader>
    <controlfield tag="001">9916229446907426</controlfield>
    <controlfield tag="005">20221118004623.0</controlfield>
    <controlfield tag="008">140521e201406 xx |||||o|||||||||||eng||</controlfield>
    <datafield tag="016" ind1="7" ind2=" ">
      <subfield code="a">IND500898199</subfield>
      <subfield code="2">DNAL</subfield>
    </datafield>
    <datafield tag="024" ind1="7" ind2=" ">
      <subfield code="a">10.1111/aec.12085</subfield>
      <subfield code="2">doi</subfield>
    </datafield>
    <datafield tag="035" ind1=" " ind2=" ">
      <subfield code="a">agid:391458-01nal_inst</subfield>
    </datafield>
    <datafield tag="040" ind1=" " ind2=" ">
      <subfield code="a">AGL</subfield>
      <subfield code="b">eng</subfield>
      <subfield code="c">AGL</subfield>
    </datafield>
    <datafield tag="100" ind1="1" ind2=" ">
      <subfield code="a">Wardhaugh, Carl W.</subfield>
      <subfield code="e">author</subfield>
      <subfield code="u">School of Marine and Tropical Biology, James Cook University, Cairns
        Campus, McGregor Road, Smithfield, Queensland, 4870, Australia.
        carl.wardhaugh@my.jcu.edu.au</subfield>
    </datafield>
    <datafield tag="245" ind1="1" ind2="0">
      <subfield code="a">Canopy invertebrate community composition on rainforest trees: Different
        microhabitats support very different invertebrate communities</subfield>
    </datafield>
    <datafield tag="300" ind1=" " ind2=" ">
      <subfield code="a">p. 367-377.</subfield>
    </datafield>
    <datafield tag="520" ind1=" " ind2=" ">
      <subfield code="a">Tropical rainforest canopies are renowned for their high invertebrate
        diversity and abundance. The canopy comprises a range of microhabitats representing very
        different food resources (including photosynthetic, reproductive, and structural tissues).
        As these resources vary considerably in temporal and spatial availability, nutritional
        quality, chemical protection and other attributes, we hypothesized that microhabitats
        support structurally different invertebrate communities. To test this we used the Australian
        Canopy Crane to sample invertebrates from mature leaves, flush leaves, flowers, fruit and
        suspended dead wood from 23 plant species. Invertebrate faunas on different microhabitats
        varied in taxonomic composition and feeding guild structure in support of the microhabitat
        differentiation hypothesis. Herbivores were found predominantly on new leaves (Hemiptera,
        Lepidoptera) and especially flowers (Coleoptera, Thysanoptera), but were relatively uncommon
        on mature leaves. Instead, the mature foliage community was dominated by predators,
        especially spiders and ants, and supported high abundances of saprophages. Ripe fruit and
        dead wood were scarce canopy resources that were utilized by a relatively small number of
        invertebrates, mostly saprophages and fungivores. Flowers supported a more heterogeneous
        fauna than the leaves in terms of proportional abundances of taxonomic groups and feeding
        guilds, both within tree species (evenness) and between tree species (non‐uniformity). These
        results demonstrate microhabitat differentiation in a rainforest canopy and are the first to
        quantify differences in taxonomic composition, guild structure and abundance patterns
        between such diverse invertebrate assemblages within host trees. We conclude that studies
        based only on sampling one microhabitat, and leaves in particular, may provide a distorted
        picture of invertebrate community structure.</subfield>
    </datafield>
    <datafield tag="592" ind1=" " ind2=" ">
      <subfield code="a">Publisher supplied data</subfield>
    </datafield>
    <datafield tag="593" ind1=" " ind2=" ">
      <subfield code="a">PubAg article</subfield>
    </datafield>
    <datafield tag="650" ind1=" " ind2="3">
      <subfield code="a">Araneae</subfield>
    </datafield>
    <datafield tag="650" ind1=" " ind2="3">
      <subfield code="a">Coleoptera</subfield>
    </datafield>
    <datafield tag="650" ind1=" " ind2="3">
      <subfield code="a">Formicidae</subfield>
    </datafield>
    <datafield tag="650" ind1=" " ind2="3">
      <subfield code="a">Hemiptera</subfield>
    </datafield>
    <datafield tag="650" ind1=" " ind2="3">
      <subfield code="a">Lepidoptera</subfield>
    </datafield>
    <datafield tag="650" ind1=" " ind2="3">
      <subfield code="a">Thysanoptera</subfield>
    </datafield>
    <datafield tag="650" ind1=" " ind2="3">
      <subfield code="a">canopy</subfield>
    </datafield>
    <datafield tag="650" ind1=" " ind2="3">
      <subfield code="a">community structure</subfield>
    </datafield>
    <datafield tag="650" ind1=" " ind2="3">
      <subfield code="a">dead wood</subfield>
    </datafield>
    <datafield tag="650" ind1=" " ind2="3">
      <subfield code="a">fauna</subfield>
    </datafield>
    <datafield tag="650" ind1=" " ind2="3">
      <subfield code="a">flowers</subfield>
    </datafield>
    <datafield tag="650" ind1=" " ind2="3">
      <subfield code="a">foods</subfield>
    </datafield>
    <datafield tag="650" ind1=" " ind2="3">
      <subfield code="a">herbivores</subfield>
    </datafield>
    <datafield tag="650" ind1=" " ind2="3">
      <subfield code="a">invertebrates</subfield>
    </datafield>
    <datafield tag="650" ind1=" " ind2="3">
      <subfield code="a">leaves</subfield>
    </datafield>
    <datafield tag="650" ind1=" " ind2="3">
      <subfield code="a">microhabitats</subfield>
    </datafield>
    <datafield tag="650" ind1=" " ind2="3">
      <subfield code="a">nutritive value</subfield>
    </datafield>
    <datafield tag="650" ind1=" " ind2="3">
      <subfield code="a">predators</subfield>
    </datafield>
    <datafield tag="650" ind1=" " ind2="3">
      <subfield code="a">trees</subfield>
    </datafield>
    <datafield tag="650" ind1=" " ind2="3">
      <subfield code="a">tropical rain forests</subfield>
    </datafield>
    <datafield tag="700" ind1="1" ind2=" ">
      <subfield code="a">Stork, Nigel E.</subfield>
      <subfield code="e">author</subfield>
    </datafield>
    <datafield tag="700" ind1="1" ind2=" ">
      <subfield code="a">Edwards, Will</subfield>
      <subfield code="e">author</subfield>
    </datafield>
    <datafield tag="773" ind1="0" ind2=" ">
      <subfield code="t">Austral ecology.</subfield>
      <subfield code="g">2014 June, v. 39, no. 4 p.367-377</subfield>
      <subfield code="d">Blackwell Science</subfield>
      <subfield code="x">1442-9985</subfield>
      <subfield code="7">nnas</subfield>
    </datafield>
    <datafield tag="787" ind1="1" ind2=" ">
      <subfield code="o">islandora_article_repository</subfield>
    </datafield>
    <datafield tag="787" ind1="1" ind2=" ">
      <subfield code="o">product_pubag</subfield>
    </datafield>
    <datafield tag="787" ind1="1" ind2=" ">
      <subfield code="o">(Journal)jnl59958</subfield>
    </datafield>
    <datafield tag="856" ind1="4" ind2="0">
      <subfield code="u">http://dx.doi.org/10.1111/aec.12085</subfield>
    </datafield>
    <datafield tag="912" ind1=" " ind2=" ">
      <subfield code="a">Article</subfield>
    </datafield>
    <datafield tag="914" ind1=" " ind2=" ">
      <subfield code="a">Journal:jnl59958</subfield>
      <subfield code="b">1442-9985</subfield>
      <subfield code="c">39</subfield>
      <subfield code="d">4</subfield>
      <subfield code="e">367</subfield>
    </datafield>
    <datafield tag="914" ind1=" " ind2=" ">
      <subfield code="f">Austral ecology</subfield>
    </datafield>
    <datafield tag="917" ind1=" " ind2=" ">
      <subfield code="a">issued</subfield>
    </datafield>
    <datafield tag="918" ind1="2" ind2=" ">
      <subfield code="a">John Wiley &amp; Sons, Inc</subfield>
      <subfield code="e">provider</subfield>
      <subfield code="5">DNAL</subfield>
    </datafield>
    <datafield tag="935" ind1=" " ind2=" ">
      <subfield code="a">IND500898199</subfield>
      <subfield code="9">ExL</subfield>
    </datafield>
    <datafield tag="949" ind1=" " ind2=" ">
      <subfield code="a">2014-07-22</subfield>
    </datafield>
    <datafield tag="951" ind1=" " ind2=" ">
      <subfield code="a">2014-05-21</subfield>
    </datafield>
    <datafield tag="953" ind1=" " ind2=" ">
      <subfield code="a">14429985_2014_39_4.xml</subfield>
    </datafield>
    <datafield tag="962" ind1=" " ind2=" ">
      <subfield code="a">Batch:575 annotated on 2014-06-11T07:22:37Z</subfield>
    </datafield>
    <datafield tag="962" ind1=" " ind2=" ">
      <subfield code="a">Batch:575 reviewed on 2014-07-22T08:52:51Z</subfield>
    </datafield>
    <datafield tag="962" ind1=" " ind2=" ">
      <subfield code="a">Batch:575 reviewed on 2014-07-22T09:42:08Z</subfield>
    </datafield>
    <datafield tag="974" ind1=" " ind2=" ">
      <subfield code="a">agid:391458</subfield>
    </datafield>
    <datafield tag="983" ind1=" " ind2=" ">
      <subfield code="a">2014-05-21</subfield>
    </datafield>
    <datafield tag="984" ind1=" " ind2=" ">
      <subfield code="a">2014-05-21</subfield>
    </datafield>
  </record>