
  <record>
    <leader>05547nab a2200781 u 4500</leader>
    <controlfield tag="001">9916229837507426</controlfield>
    <controlfield tag="005">20221118005756.0</controlfield>
    <controlfield tag="008">170721e200912 xx |||||o|||||||||||ger||</controlfield>
    <datafield tag="016" ind1="7" ind2=" ">
      <subfield code="a">IND605732532</subfield>
      <subfield code="2">DNAL</subfield>
    </datafield>
    <datafield tag="024" ind1="7" ind2=" ">
      <subfield code="a">10.1007/s12302-009-0091-z</subfield>
      <subfield code="2">doi</subfield>
    </datafield>
    <datafield tag="035" ind1=" " ind2=" ">
      <subfield code="a">agid:5732532-01nal_inst</subfield>
    </datafield>
    <datafield tag="040" ind1=" " ind2=" ">
      <subfield code="a">AGL</subfield>
      <subfield code="b">eng</subfield>
      <subfield code="c">AGL</subfield>
    </datafield>
    <datafield tag="100" ind1="1" ind2=" ">
      <subfield code="a">Schröder, W.</subfield>
      <subfield code="e">author</subfield>
    </datafield>
    <datafield tag="242" ind1="1" ind2="0">
      <subfield code="a">Großräumige Regionalisierung der Kohlenstoffbindung in Wäldern
        Nordrhein-Westfalens</subfield>
    </datafield>
    <datafield tag="245" ind1="1" ind2="0">
      <subfield code="a">Regionalising the carbon fixation in forests of North Rhine-Westphalia
        using inventory data and digital maps</subfield>
    </datafield>
    <datafield tag="300" ind1=" " ind2=" ">
      <subfield code="a">p. 516-526.</subfield>
    </datafield>
    <datafield tag="520" ind1=" " ind2=" ">
      <subfield code="a">Background, aim and scope The United Nations Framework Convention on
        Climate Change understands carbon fixation in forests as an important contribution for the
        reduction of atmospheric pollution in terms of greenhouse gases. According to the German
        forest inventory on carbon in biomass an amount of 191 t C/ha was roughly estimated, without
        any spatial differentiation. Therefore, the aim of this investigation was to statistically
        identify factors that are significant for the carbon fixation and to map the spatial
        patterns of C sequestration in the federal state North Rhine-Westphalia.Materials and
        methods Together with information on climate, elevation, vegetation, and deposition, data
        from two forest monitoring networks were analysed statistically. Geostatistics and the
        decision tree algorithms Classification and Regression Trees (CART) and Chi-Square Automatic
        Interaction Detection (CHAID) were applied to calculate surface maps from punctual data on C
        in vegetation, in dead wood and in soil. Whereas spatial autocorrelation could be detected
        for the C loads in the humus layers, no surface maps could be calculated for the C contents
        of the mineral soils and for the forest trees/dead wood. Here, CART and CHAID were used to
        derive decision trees that were applied on available surface data to predict C loads for the
        entire study area.Results About 19 t C/ha could be predicted for the humus layer, 67 t C/ha
        for forest trees/dead wood and 90.7 t C/ha for the soil. An overall mean of 177 t C/ha was
        calculated for North Rhine-Westphalia lying 14 t C/ha below the German wide mean.Discussion
        Compared to the calculated results in another investigation a total of 68 mio. t C for the
        above ground dendromass was estimated. This is 11 mio. t C/ha higher than the amount
        calculated in this study and may be due to the fact that this value includes the C-pools in
        both, the brushwood and herbaceous layer in their estimations. The average C concentration
        in the humus layer all over Germany was found to amount for 20.7 t C/ha which is slightly
        above the C storage calculated for North Rhine-Westphalia. In the same study a Germany wide
        C average of 87.9 t C/ha was calculated which is very close to the 90.7 t C/ha calculated in
        this study.Conclusions The surface estimations of the C-pools in the above-ground biomass,
        the humus layer and the mineral soil enable to map the efficiency of the C-bounding capacity
        regarding the fixation of the greenhouse gas CO₂. The mean values derived in this study are
        in good accordance with estimations based on other techniques.Recommendations and
        perspectives The approach presented should be verified by application to Germany wide
        inventory data and by means of Regression Kriging. Furthermore, the C-fixation under climate
        change should be calculated by combining statistical methods and the dynamic modelling tool
        WASMOD.</subfield>
    </datafield>
    <datafield tag="592" ind1=" " ind2=" ">
      <subfield code="a">Publisher supplied data</subfield>
    </datafield>
    <datafield tag="593" ind1=" " ind2=" ">
      <subfield code="a">PubAg article</subfield>
    </datafield>
    <datafield tag="650" ind1=" " ind2="3">
      <subfield code="a">United Nations Framework Convention on Climate Change</subfield>
    </datafield>
    <datafield tag="650" ind1=" " ind2="3">
      <subfield code="a">aboveground biomass</subfield>
    </datafield>
    <datafield tag="650" ind1=" " ind2="3">
      <subfield code="a">air pollution</subfield>
    </datafield>
    <datafield tag="650" ind1=" " ind2="3">
      <subfield code="a">algorithms</subfield>
    </datafield>
    <datafield tag="650" ind1=" " ind2="3">
      <subfield code="a">autocorrelation</subfield>
    </datafield>
    <datafield tag="650" ind1=" " ind2="3">
      <subfield code="a">carbon</subfield>
    </datafield>
    <datafield tag="650" ind1=" " ind2="3">
      <subfield code="a">carbon dioxide</subfield>
    </datafield>
    <datafield tag="650" ind1=" " ind2="3">
      <subfield code="a">carbon dioxide fixation</subfield>
    </datafield>
    <datafield tag="650" ind1=" " ind2="3">
      <subfield code="a">carbon sequestration</subfield>
    </datafield>
    <datafield tag="650" ind1=" " ind2="3">
      <subfield code="a">climate</subfield>
    </datafield>
    <datafield tag="650" ind1=" " ind2="3">
      <subfield code="a">climate change</subfield>
    </datafield>
    <datafield tag="650" ind1=" " ind2="3">
      <subfield code="a">dead wood</subfield>
    </datafield>
    <datafield tag="650" ind1=" " ind2="3">
      <subfield code="a">decision support systems</subfield>
    </datafield>
    <datafield tag="650" ind1=" " ind2="3">
      <subfield code="a">dynamic models</subfield>
    </datafield>
    <datafield tag="650" ind1=" " ind2="3">
      <subfield code="a">forest inventory</subfield>
    </datafield>
    <datafield tag="650" ind1=" " ind2="3">
      <subfield code="a">forest trees</subfield>
    </datafield>
    <datafield tag="650" ind1=" " ind2="3">
      <subfield code="a">forests</subfield>
    </datafield>
    <datafield tag="650" ind1=" " ind2="3">
      <subfield code="a">geostatistics</subfield>
    </datafield>
    <datafield tag="650" ind1=" " ind2="3">
      <subfield code="a">greenhouse gases</subfield>
    </datafield>
    <datafield tag="650" ind1=" " ind2="3">
      <subfield code="a">ground vegetation</subfield>
    </datafield>
    <datafield tag="650" ind1=" " ind2="3">
      <subfield code="a">herbaceous plants</subfield>
    </datafield>
    <datafield tag="650" ind1=" " ind2="3">
      <subfield code="a">humus</subfield>
    </datafield>
    <datafield tag="650" ind1=" " ind2="3">
      <subfield code="a">kriging</subfield>
    </datafield>
    <datafield tag="650" ind1=" " ind2="3">
      <subfield code="a">mineral soils</subfield>
    </datafield>
    <datafield tag="650" ind1=" " ind2="3">
      <subfield code="a">monitoring</subfield>
    </datafield>
    <datafield tag="650" ind1=" " ind2="3">
      <subfield code="a">shrublands</subfield>
    </datafield>
    <datafield tag="651" ind1=" " ind2="3">
      <subfield code="a">Germany</subfield>
    </datafield>
    <datafield tag="700" ind1="1" ind2=" ">
      <subfield code="a">Schmidt, G.</subfield>
      <subfield code="e">author</subfield>
    </datafield>
    <datafield tag="700" ind1="1" ind2=" ">
      <subfield code="a">Pesch, R.</subfield>
      <subfield code="e">author</subfield>
    </datafield>
    <datafield tag="773" ind1="0" ind2=" ">
      <subfield code="t">Environmental sciences Europe.</subfield>
      <subfield code="g">2009 Dec., v. 21, no. 6 p.516-526</subfield>
      <subfield code="d">Springer Berlin Heidelberg</subfield>
      <subfield code="x">2190-4707</subfield>
      <subfield code="7">nnas</subfield>
    </datafield>
    <datafield tag="787" ind1="1" ind2=" ">
      <subfield code="o">islandora_article_repository</subfield>
    </datafield>
    <datafield tag="787" ind1="1" ind2=" ">
      <subfield code="o">product_pubag</subfield>
    </datafield>
    <datafield tag="787" ind1="1" ind2=" ">
      <subfield code="o">(Journal)J000001276</subfield>
    </datafield>
    <datafield tag="856" ind1="4" ind2="0">
      <subfield code="u">http://dx.doi.org/10.1007/s12302-009-0091-z</subfield>
      <subfield code="3">Available from publisher's site</subfield>
    </datafield>
    <datafield tag="912" ind1=" " ind2=" ">
      <subfield code="a">Article</subfield>
    </datafield>
    <datafield tag="914" ind1=" " ind2=" ">
      <subfield code="a">Journal:J000001276</subfield>
      <subfield code="b">2190-4707</subfield>
      <subfield code="c">21</subfield>
      <subfield code="d">6</subfield>
      <subfield code="e">516</subfield>
    </datafield>
    <datafield tag="914" ind1=" " ind2=" ">
      <subfield code="f">Environmental sciences Europe</subfield>
    </datafield>
    <datafield tag="916" ind1=" " ind2=" ">
      <subfield code="a">Batch:1787</subfield>
    </datafield>
    <datafield tag="917" ind1=" " ind2=" ">
      <subfield code="a">issued</subfield>
    </datafield>
    <datafield tag="918" ind1="2" ind2=" ">
      <subfield code="a">Springer</subfield>
      <subfield code="e">provider</subfield>
      <subfield code="5">DNAL</subfield>
    </datafield>
    <datafield tag="935" ind1=" " ind2=" ">
      <subfield code="a">IND605732532</subfield>
      <subfield code="9">ExL</subfield>
    </datafield>
    <datafield tag="949" ind1=" " ind2=" ">
      <subfield code="a">2017-08-24</subfield>
    </datafield>
    <datafield tag="953" ind1=" " ind2=" ">
      <subfield code="a">ftp_PUB_16-11-23_05-36-56.zip</subfield>
    </datafield>
    <datafield tag="962" ind1=" " ind2=" ">
      <subfield code="a">Text not in English</subfield>
    </datafield>
    <datafield tag="962" ind1=" " ind2=" ">
      <subfield code="a">Journal title changed from 'Environ Sci Eur'</subfield>
    </datafield>
    <datafield tag="962" ind1=" " ind2=" ">
      <subfield code="a">Batch:1787 reviewed on 2017-08-24T13:00:02Z</subfield>
    </datafield>
    <datafield tag="974" ind1=" " ind2=" ">
      <subfield code="a">agid:5732532</subfield>
    </datafield>
    <datafield tag="983" ind1=" " ind2=" ">
      <subfield code="a">2017-07-21</subfield>
    </datafield>
    <datafield tag="984" ind1=" " ind2=" ">
      <subfield code="a">2017-08-24</subfield>
    </datafield>
  </record>