
  <record>
    <leader>10090nab a2201069 u 4500</leader>
    <controlfield tag="001">9916229839207426</controlfield>
    <controlfield tag="005">20221118005759.0</controlfield>
    <controlfield tag="008">170721e200912 xx |||||o|||||||||||ger||</controlfield>
    <datafield tag="016" ind1="7" ind2=" ">
      <subfield code="a">IND605732534</subfield>
      <subfield code="2">DNAL</subfield>
    </datafield>
    <datafield tag="024" ind1="7" ind2=" ">
      <subfield code="a">10.1007/s12302-009-0087-8</subfield>
      <subfield code="2">doi</subfield>
    </datafield>
    <datafield tag="035" ind1=" " ind2=" ">
      <subfield code="a">agid:5732534-01nal_inst</subfield>
    </datafield>
    <datafield tag="040" ind1=" " ind2=" ">
      <subfield code="a">AGL</subfield>
      <subfield code="b">eng</subfield>
      <subfield code="c">AGL</subfield>
    </datafield>
    <datafield tag="100" ind1="1" ind2=" ">
      <subfield code="a">Schröder, W.</subfield>
      <subfield code="e">author</subfield>
    </datafield>
    <datafield tag="242" ind1="1" ind2="0">
      <subfield code="a">Trend der Schwermetall-Bioakkumulation 1990 bis 2005: Qualitätssicherung
        bei Probenahme, Analytik, geostatistischer Auswertung</subfield>
    </datafield>
    <datafield tag="245" ind1="1" ind2="0">
      <subfield code="a">Trends of metal bioaccumulation from 1990 to 2005 in Germany</subfield>
    </datafield>
    <datafield tag="300" ind1=" " ind2=" ">
      <subfield code="a">p. 549-574.</subfield>
    </datafield>
    <datafield tag="520" ind1=" " ind2=" ">
      <subfield code="a">Background, aim and scope Since 1990, the UN ECE Heavy Metals in Mosses
        Surveys provide data inventories of the atmospheric heavy metal bioaccumulation across
        national boundaries in Europe. The results prove how air pollution control in Germany and in
        all of Europe affected the bioaccumulation of metals in those ecosystems that are not
        directly influenced by nearby emission sources. This article focuses on the assessment of
        spatiotemporal patterns of the metal bioaccumulation in Germany since 1990. Furthermore, the
        spatial variance of the metal bioaccumulation is analysed with regard to sampling
        site-specific and regional land characteristics. Special focus hereby relies on the
        correlation of the metal concentration in mosses and in depositions. Hence, the moss surveys
        contribute to § 12 of the German Federal Nature Conservation Act as well as to the
        “Convention on Long-range Transboundary Air Pollution” (CLRTAP).Materials and methods The
        bioaccumulation of up to 40 trace elements in mosses was determined according to a European
        wide harmonised methodology. The according experimental protocol regulates the selection of
        sampling sites and moss species, the chemical analysis and quality control and the
        classification of the measured values for the mapping of spatial patterns. In Germany all
        sampling sites were described with regard to topographical and ecological criteria as well
        as other aspects seen as relevant in the mandatory guideline. Together with the measurements
        this metadata was combined with other information regarding emissions and land use in the
        surroundings of the sampling sites in the WebGIS MossMet. The spatial structure of the metal
        bioaccumulation was analysed and modeled by variogram analyses and then mapped by applying
        different kriging techniques. Furthermore, different multi-metal indices (MMI) were derived
        for both the sampling sites and raster maps with the help of percentile statistics: The
        MMI1990 aggregates the data for Cr, Cu, Fe, Ni, Pb, Ti, V and Zn determined in 1990. The
        MMI1995, MMI2000, MMI2005 furthermore include As, Cd, Hg and Sb for 1995, 2000 and 2005,
        respectively. Two other MMI allow for a time integrating view on the metal bioaccumulation
        in Germany: The MMI1990–2005 was calculated on behalf of all measured/geostatistically
        estimated data for Cr, Cu, Fe, Ni, Pb, Ti, V and Zn. Therefore the integrated assessment of
        the metal bioaccumulation in Germany from 1990 to 2005 is possible. The MMI1995–2005
        furthermore includes the element-specific data of As, Cd, Hg and Sb therefore integrating 12
        elements over the last three surveys. The statistical association of the metal
        bioaccumulation, site-specific characteristics as well as information on land use and
        emissions was analysed by bivariate correlation analysis and multivariate decision tree
        models (Classification and Regression Trees – CART, Chisquare Automatic Interaction
        Detection – CHAID).Results The results of the quality-controlled chemical analyses show a
        significant decrease of the metal bioaccumulation in Germany from 1990 to 2000. From 2000 to
        2005 a further decrease can be stated for Hg, Pb and Ti. However, a significant increase for
        Cd, Cr, Cu, Sb and Zn can be observed. This especially holds true for Cr (+ 160 %) that
        almost reaches as high concentrations in mosses as in 1990. In 2005, the metal loads in
        mosses, except for Cr, show spatial distributions similar to those in 1990, 1995 and 2000.
        Hot spots are mostly found in the urbanised and industrially influenced Ruhr Area, the
        densely populated Rhine–Main region and in the industrially influenced regions of former
        East Germany (e. g. Halle–Leipzig region). The spatial variance of the metal bioaccumulation
        can mainly be explained by site-specific (moss species, canopy drip effects) and
        site-surrounding (land use, depositions, emissions) characteristics.Discussion High Cr loads
        in mosses were also registered in other European countries like in Switzerland. Further
        investigation is therefore necessary to investigate whether this is due to different
        emission conditions or biogenic effects (e. g. as a result of increasing nitrogen
        depositions). Compared to other environmental monitoring and modelling programmes the moss
        surveys registered increasing concentrations of toxic metal elements between 1990 and 2005.
        Contrary to deposition measurements that exhibit a higher temporal resolution the moss
        surveys provide measurement data on a wide range of elements. Some of these elements are
        important with regard to human-toxicological aspects (e. g. Hg, Sb, As, Al, V). The
        standardised biomonitoring of atmospheric pollution by mosses is an important link between
        the technical acquisition of depositions and the accumulation in biological material. To
        claim that the element concentrations in mosses and in the deposition should correlate to a
        high degree is not appropriate since both approaches are physically related but are not
        identical. The degree of correlation thereby depends on the boundary conditions of the
        physical processes, like regional and site-specific meteorological conditions within the
        accumulation period, the vertical and horizontal vegetation structure or land use
        conditions.Conclusions The moss surveys contribute to the heavy metal and multi-component
        model of CLRTAP because they prove on different spatial scales how air pollution control
        influences the accumulation of emitted substances in environmental subjects of protection
        like vegetation. If environmental monitoring is seen as a continuous task and the applied
        methodology works well as an early warning system then environmental policy is enabled to
        act in preventative sense and to pursue unexpected developments. No other environmental
        monitoring programme provides such a wide range of ecotoxically relevant elements measured
        as spatially dense as the case for the moss surveys. The spatial distribution of
        environmental information is an essential criterion for their usability in terms of
        political measures for the federal states and the federation.Recommendations and
        perspectives The Heavy Metals in Mosses Surveys are a positive example for environmental
        monitoring activities reaching across three spatial and administrative levels: regional
        (e. g. federal state or natural landscape), nationwide (e. g. Germany) and continental
        (e. g. Europe). In Germany the harmonised and quality-controlled moss data are made
        available via an internet-based webGIS portal. Therefore the moss data may easily be
        accessed for environmental monitoring purposes and the control of environmental political
        actions. Hence, the monitoring of Heavy Metals by Mosses Surveys is an important task among
        the European environmental observations, which should be continued in future for scientific
        and political reasons in its current extent.</subfield>
    </datafield>
    <datafield tag="592" ind1=" " ind2=" ">
      <subfield code="a">Publisher supplied data</subfield>
    </datafield>
    <datafield tag="593" ind1=" " ind2=" ">
      <subfield code="a">PubAg article</subfield>
    </datafield>
    <datafield tag="650" ind1=" " ind2="3">
      <subfield code="a">United Nations</subfield>
    </datafield>
    <datafield tag="650" ind1=" " ind2="3">
      <subfield code="a">air pollution</subfield>
    </datafield>
    <datafield tag="650" ind1=" " ind2="3">
      <subfield code="a">aluminum</subfield>
    </datafield>
    <datafield tag="650" ind1=" " ind2="3">
      <subfield code="a">antimony</subfield>
    </datafield>
    <datafield tag="650" ind1=" " ind2="3">
      <subfield code="a">arsenic</subfield>
    </datafield>
    <datafield tag="650" ind1=" " ind2="3">
      <subfield code="a">bioaccumulation</subfield>
    </datafield>
    <datafield tag="650" ind1=" " ind2="3">
      <subfield code="a">cadmium</subfield>
    </datafield>
    <datafield tag="650" ind1=" " ind2="3">
      <subfield code="a">canopy</subfield>
    </datafield>
    <datafield tag="650" ind1=" " ind2="3">
      <subfield code="a">chemical analysis</subfield>
    </datafield>
    <datafield tag="650" ind1=" " ind2="3">
      <subfield code="a">chromium</subfield>
    </datafield>
    <datafield tag="650" ind1=" " ind2="3">
      <subfield code="a">computer software</subfield>
    </datafield>
    <datafield tag="650" ind1=" " ind2="3">
      <subfield code="a">copper</subfield>
    </datafield>
    <datafield tag="650" ind1=" " ind2="3">
      <subfield code="a">correlation</subfield>
    </datafield>
    <datafield tag="650" ind1=" " ind2="3">
      <subfield code="a">decision support systems</subfield>
    </datafield>
    <datafield tag="650" ind1=" " ind2="3">
      <subfield code="a">early warning systems</subfield>
    </datafield>
    <datafield tag="650" ind1=" " ind2="3">
      <subfield code="a">ecosystems</subfield>
    </datafield>
    <datafield tag="650" ind1=" " ind2="3">
      <subfield code="a">emissions</subfield>
    </datafield>
    <datafield tag="650" ind1=" " ind2="3">
      <subfield code="a">environmental monitoring</subfield>
    </datafield>
    <datafield tag="650" ind1=" " ind2="3">
      <subfield code="a">environmental policy</subfield>
    </datafield>
    <datafield tag="650" ind1=" " ind2="3">
      <subfield code="a">geographic information systems</subfield>
    </datafield>
    <datafield tag="650" ind1=" " ind2="3">
      <subfield code="a">guidelines</subfield>
    </datafield>
    <datafield tag="650" ind1=" " ind2="3">
      <subfield code="a">heavy metals</subfield>
    </datafield>
    <datafield tag="650" ind1=" " ind2="3">
      <subfield code="a">inventories</subfield>
    </datafield>
    <datafield tag="650" ind1=" " ind2="3">
      <subfield code="a">iron</subfield>
    </datafield>
    <datafield tag="650" ind1=" " ind2="3">
      <subfield code="a">kriging</subfield>
    </datafield>
    <datafield tag="650" ind1=" " ind2="3">
      <subfield code="a">land use</subfield>
    </datafield>
    <datafield tag="650" ind1=" " ind2="3">
      <subfield code="a">landscapes</subfield>
    </datafield>
    <datafield tag="650" ind1=" " ind2="3">
      <subfield code="a">lead</subfield>
    </datafield>
    <datafield tag="650" ind1=" " ind2="3">
      <subfield code="a">mercury</subfield>
    </datafield>
    <datafield tag="650" ind1=" " ind2="3">
      <subfield code="a">models</subfield>
    </datafield>
    <datafield tag="650" ind1=" " ind2="3">
      <subfield code="a">mosses and liverworts</subfield>
    </datafield>
    <datafield tag="650" ind1=" " ind2="3">
      <subfield code="a">natural resources conservation</subfield>
    </datafield>
    <datafield tag="650" ind1=" " ind2="3">
      <subfield code="a">nickel</subfield>
    </datafield>
    <datafield tag="650" ind1=" " ind2="3">
      <subfield code="a">nitrogen</subfield>
    </datafield>
    <datafield tag="650" ind1=" " ind2="3">
      <subfield code="a">politics</subfield>
    </datafield>
    <datafield tag="650" ind1=" " ind2="3">
      <subfield code="a">pollution control</subfield>
    </datafield>
    <datafield tag="650" ind1=" " ind2="3">
      <subfield code="a">quality control</subfield>
    </datafield>
    <datafield tag="650" ind1=" " ind2="3">
      <subfield code="a">surveys</subfield>
    </datafield>
    <datafield tag="650" ind1=" " ind2="3">
      <subfield code="a">titanium</subfield>
    </datafield>
    <datafield tag="650" ind1=" " ind2="3">
      <subfield code="a">toxicity</subfield>
    </datafield>
    <datafield tag="650" ind1=" " ind2="3">
      <subfield code="a">urbanization</subfield>
    </datafield>
    <datafield tag="650" ind1=" " ind2="3">
      <subfield code="a">vanadium</subfield>
    </datafield>
    <datafield tag="650" ind1=" " ind2="3">
      <subfield code="a">variance</subfield>
    </datafield>
    <datafield tag="650" ind1=" " ind2="3">
      <subfield code="a">vegetation</subfield>
    </datafield>
    <datafield tag="650" ind1=" " ind2="3">
      <subfield code="a">zinc</subfield>
    </datafield>
    <datafield tag="651" ind1=" " ind2="3">
      <subfield code="a">German Democratic Republic</subfield>
    </datafield>
    <datafield tag="651" ind1=" " ind2="3">
      <subfield code="a">Germany</subfield>
    </datafield>
    <datafield tag="651" ind1=" " ind2="3">
      <subfield code="a">Switzerland</subfield>
    </datafield>
    <datafield tag="700" ind1="1" ind2=" ">
      <subfield code="a">Pesch, R.</subfield>
      <subfield code="e">author</subfield>
    </datafield>
    <datafield tag="700" ind1="1" ind2=" ">
      <subfield code="a">Matter, Y.</subfield>
      <subfield code="e">author</subfield>
    </datafield>
    <datafield tag="700" ind1="1" ind2=" ">
      <subfield code="a">Göritz, A.</subfield>
      <subfield code="e">author</subfield>
    </datafield>
    <datafield tag="700" ind1="1" ind2=" ">
      <subfield code="a">Genssler, L.</subfield>
      <subfield code="e">author</subfield>
    </datafield>
    <datafield tag="700" ind1="1" ind2=" ">
      <subfield code="a">Dieffenbach-Fries, H.</subfield>
      <subfield code="e">author</subfield>
    </datafield>
    <datafield tag="773" ind1="0" ind2=" ">
      <subfield code="t">Environmental sciences Europe.</subfield>
      <subfield code="g">2009 Dec., v. 21, no. 6 p.549-574</subfield>
      <subfield code="d">Springer Berlin Heidelberg</subfield>
      <subfield code="x">2190-4707</subfield>
      <subfield code="7">nnas</subfield>
    </datafield>
    <datafield tag="787" ind1="1" ind2=" ">
      <subfield code="o">islandora_article_repository</subfield>
    </datafield>
    <datafield tag="787" ind1="1" ind2=" ">
      <subfield code="o">product_pubag</subfield>
    </datafield>
    <datafield tag="787" ind1="1" ind2=" ">
      <subfield code="o">(Journal)J000001276</subfield>
    </datafield>
    <datafield tag="856" ind1="4" ind2="0">
      <subfield code="u">http://dx.doi.org/10.1007/s12302-009-0087-8</subfield>
      <subfield code="3">Available from publisher's site</subfield>
    </datafield>
    <datafield tag="912" ind1=" " ind2=" ">
      <subfield code="a">Article</subfield>
    </datafield>
    <datafield tag="914" ind1=" " ind2=" ">
      <subfield code="a">Journal:J000001276</subfield>
      <subfield code="b">2190-4707</subfield>
      <subfield code="c">21</subfield>
      <subfield code="d">6</subfield>
      <subfield code="e">549</subfield>
    </datafield>
    <datafield tag="914" ind1=" " ind2=" ">
      <subfield code="f">Environmental sciences Europe</subfield>
    </datafield>
    <datafield tag="916" ind1=" " ind2=" ">
      <subfield code="a">Batch:1787</subfield>
    </datafield>
    <datafield tag="917" ind1=" " ind2=" ">
      <subfield code="a">issued</subfield>
    </datafield>
    <datafield tag="918" ind1="2" ind2=" ">
      <subfield code="a">Springer</subfield>
      <subfield code="e">provider</subfield>
      <subfield code="5">DNAL</subfield>
    </datafield>
    <datafield tag="935" ind1=" " ind2=" ">
      <subfield code="a">IND605732534</subfield>
      <subfield code="9">ExL</subfield>
    </datafield>
    <datafield tag="949" ind1=" " ind2=" ">
      <subfield code="a">2017-08-24</subfield>
    </datafield>
    <datafield tag="953" ind1=" " ind2=" ">
      <subfield code="a">ftp_PUB_16-11-23_05-36-56.zip</subfield>
    </datafield>
    <datafield tag="962" ind1=" " ind2=" ">
      <subfield code="a">Text not in English</subfield>
    </datafield>
    <datafield tag="962" ind1=" " ind2=" ">
      <subfield code="a">Journal title changed from 'Environ Sci Eur'</subfield>
    </datafield>
    <datafield tag="962" ind1=" " ind2=" ">
      <subfield code="a">Batch:1787 reviewed on 2017-08-24T13:00:02Z</subfield>
    </datafield>
    <datafield tag="974" ind1=" " ind2=" ">
      <subfield code="a">agid:5732534</subfield>
    </datafield>
    <datafield tag="983" ind1=" " ind2=" ">
      <subfield code="a">2017-07-21</subfield>
    </datafield>
    <datafield tag="984" ind1=" " ind2=" ">
      <subfield code="a">2017-08-24</subfield>
    </datafield>
  </record>