
  <record>
    <leader>05901nab a2200829 u 4500</leader>
    <controlfield tag="001">9916230172707426</controlfield>
    <controlfield tag="005">20221118011542.0</controlfield>
    <controlfield tag="008">200913e20201015xx |||||o|||||||||||eng||</controlfield>
    <datafield tag="016" ind1="7" ind2=" ">
      <subfield code="a">IND607010111</subfield>
      <subfield code="2">DNAL</subfield>
    </datafield>
    <datafield tag="024" ind1="7" ind2=" ">
      <subfield code="a">10.1016/j.foreco.2020.118355</subfield>
      <subfield code="2">chorus</subfield>
    </datafield>
    <datafield tag="024" ind1="7" ind2=" ">
      <subfield code="a">10113/7010111</subfield>
      <subfield code="2">hdl</subfield>
    </datafield>
    <datafield tag="024" ind1="7" ind2=" ">
      <subfield code="a">10.1016/j.foreco.2020.118355</subfield>
      <subfield code="2">doi</subfield>
    </datafield>
    <datafield tag="035" ind1=" " ind2=" ">
      <subfield code="a">agid:7010111-01nal_inst</subfield>
    </datafield>
    <datafield tag="040" ind1=" " ind2=" ">
      <subfield code="a">AGL</subfield>
      <subfield code="b">eng</subfield>
      <subfield code="c">AGL</subfield>
    </datafield>
    <datafield tag="100" ind1="1" ind2=" ">
      <subfield code="a">Holden, Zachary A.</subfield>
      <subfield code="e">author</subfield>
      <subfield code="u">USDA Forest Service Northern Region, Missoula, MT 59804, United
        States</subfield>
    </datafield>
    <datafield tag="245" ind1="1" ind2="0">
      <subfield code="a">Using climatic and biophysical attributes to model the presence and
        severity of root disease across the U.S. Northern Rocky Mountains</subfield>
    </datafield>
    <datafield tag="506" ind1=" " ind2=" ">
      <subfield code="a">Resource is Open Access</subfield>
      <subfield code="u">http://purl.org/eprint/accessRights/OpenAccess</subfield>
      <subfield code="f">Unrestricted online access</subfield>
      <subfield code="2">star</subfield>
    </datafield>
    <datafield tag="506" ind1=" " ind2=" ">
      <subfield code="a">CHORUS License Information</subfield>
      <subfield code="f">Unrestricted online access</subfield>
      <subfield code="2">star</subfield>
    </datafield>
    <datafield tag="520" ind1=" " ind2=" ">
      <subfield code="a">Root disease fungi are native, soil-borne pathogens that impact forest
        stand dynamics and productivity through direct tree mortality or reduced yield. Despite
        being a major contributor of mortality in forests of western North America, particularly in
        the northern Rocky Mountains in the United States, little is known about the underlying
        factors that influence root disease occurrence and severity at landscape and broader scales.
        We used a database with &gt;15,000 geographically-distributed, spatially-referenced root
        disease assessments from United States Department of Agriculture (USDA) Forest Service
        Forest Inventory and Analysis (FIA) plots from across the US Northern Rocky mountains and
        high resolution (30 m) climate and soil-water balance grids to examine climatic and
        biophysical factors associated with presence and severity of root disease. We used a
        two-stage modeling approach that combined boosted regression-tree models and residual
        kriging to predict the probability of occurrence and severity of root disease across the
        area of analysis. A best-fit model explained root disease occurrence moderately well
        (AUC = 0.77) and included average annual dewpoint temperature, evapotranspiration and
        climatic water deficit. Root disease occurrence was associated with moist, humid sites
        subject to low or moderate climatic water deficits. Root disease severity was not well
        explained by climatic and biophysical factors alone (R² = 0.19). Residual kriging only
        marginally improved model fit (R² = 0.20). We used the fitted models to produce 30 m
        resolution gridded root disease occurrence and severity maps across the US Forest Service
        Northern Region for use in broad-scale planning and analysis. Weak spatial autocorrelation
        at distances beyond 5 km and relatively low accuracy of the severity model suggests that the
        FIA plot distribution is not suited to predict spatial patterns of root disease severity.
        Additional factors related to root disease severity, such as vegetation type and
        site-specific disturbance histories, are likely needed for fine-scale severity
        predictions.</subfield>
    </datafield>
    <datafield tag="592" ind1=" " ind2=" ">
      <subfield code="a">Publisher supplied data</subfield>
    </datafield>
    <datafield tag="593" ind1=" " ind2=" ">
      <subfield code="a">PubAg article</subfield>
    </datafield>
    <datafield tag="596" ind1=" " ind2=" ">
      <subfield code="c">U.S. Forest Service</subfield>
      <subfield code="d">https://doi.org/10.13039/100006959</subfield>
    </datafield>
    <datafield tag="650" ind1=" " ind2="3">
      <subfield code="a">USDA Forest Service</subfield>
    </datafield>
    <datafield tag="650" ind1=" " ind2="3">
      <subfield code="a">autocorrelation</subfield>
    </datafield>
    <datafield tag="650" ind1=" " ind2="3">
      <subfield code="a">climate</subfield>
    </datafield>
    <datafield tag="650" ind1=" " ind2="3">
      <subfield code="a">databases</subfield>
    </datafield>
    <datafield tag="650" ind1=" " ind2="3">
      <subfield code="a">dewpoint</subfield>
    </datafield>
    <datafield tag="650" ind1=" " ind2="3">
      <subfield code="a">disease occurrence</subfield>
    </datafield>
    <datafield tag="650" ind1=" " ind2="3">
      <subfield code="a">disease severity</subfield>
    </datafield>
    <datafield tag="650" ind1=" " ind2="3">
      <subfield code="a">evapotranspiration</subfield>
    </datafield>
    <datafield tag="650" ind1=" " ind2="3">
      <subfield code="a">forest inventory</subfield>
    </datafield>
    <datafield tag="650" ind1=" " ind2="3">
      <subfield code="a">forest stands</subfield>
    </datafield>
    <datafield tag="650" ind1=" " ind2="3">
      <subfield code="a">forests</subfield>
    </datafield>
    <datafield tag="650" ind1=" " ind2="3">
      <subfield code="a">kriging</subfield>
    </datafield>
    <datafield tag="650" ind1=" " ind2="3">
      <subfield code="a">landscapes</subfield>
    </datafield>
    <datafield tag="650" ind1=" " ind2="3">
      <subfield code="a">models</subfield>
    </datafield>
    <datafield tag="650" ind1=" " ind2="3">
      <subfield code="a">mortality</subfield>
    </datafield>
    <datafield tag="650" ind1=" " ind2="3">
      <subfield code="a">probability</subfield>
    </datafield>
    <datafield tag="650" ind1=" " ind2="3">
      <subfield code="a">root diseases</subfield>
    </datafield>
    <datafield tag="650" ind1=" " ind2="3">
      <subfield code="a">soil water</subfield>
    </datafield>
    <datafield tag="650" ind1=" " ind2="3">
      <subfield code="a">temperature</subfield>
    </datafield>
    <datafield tag="650" ind1=" " ind2="3">
      <subfield code="a">tree mortality</subfield>
    </datafield>
    <datafield tag="700" ind1="1" ind2=" ">
      <subfield code="a">Swanson, Alan</subfield>
      <subfield code="e">author</subfield>
      <subfield code="u">School of Public and Community Health Sciences, University of Montana,
        Missoula, MT 59812, United States</subfield>
    </datafield>
    <datafield tag="700" ind1="1" ind2=" ">
      <subfield code="a">Lockman, Blakey</subfield>
      <subfield code="e">author</subfield>
      <subfield code="u">Forest Health Protection, USDA Forest Service Pacific Northwest Region,
        Portland, OR 97204, United States</subfield>
    </datafield>
    <datafield tag="700" ind1="1" ind2=" ">
      <subfield code="a">Egan, Joel</subfield>
      <subfield code="e">author</subfield>
      <subfield code="u">Forest Health Protection, USDA Forest Service Northern and Intermountain
        Regions, Missoula, MT 59804, United States</subfield>
    </datafield>
    <datafield tag="700" ind1="1" ind2=" ">
      <subfield code="a">Cleaver, Christy M.</subfield>
      <subfield code="e">author</subfield>
      <subfield code="u">Forest Health Protection, USDA Forest Service Northern and Intermountain
        Regions, Coeur d’Alene, ID 83815, United States</subfield>
    </datafield>
    <datafield tag="700" ind1="1" ind2=" ">
      <subfield code="a">McKeever, Kathleen</subfield>
      <subfield code="e">author</subfield>
      <subfield code="u">Forest Health Protection, USDA Forest Service Southern Region, Asheville,
        NC 28806, United States</subfield>
    </datafield>
    <datafield tag="700" ind1="1" ind2=" ">
      <subfield code="a">Bush, Renate</subfield>
      <subfield code="e">author</subfield>
      <subfield code="u">USDA Forest Service Northern Region, Missoula, MT 59804, United
        States</subfield>
    </datafield>
    <datafield tag="700" ind1="1" ind2=" ">
      <subfield code="a">Landguth, Erin L.</subfield>
      <subfield code="e">author</subfield>
      <subfield code="u">School of Public and Community Health Sciences, University of Montana,
        Missoula, MT 59812, United States</subfield>
    </datafield>
    <datafield tag="773" ind1="0" ind2=" ">
      <subfield code="t">Forest ecology and management.</subfield>
      <subfield code="g">2020 Oct. 15, v. 474</subfield>
      <subfield code="d">Elsevier B.V.</subfield>
      <subfield code="w">Journal:jnl9013</subfield>
      <subfield code="x">0378-1127</subfield>
      <subfield code="7">nnas</subfield>
    </datafield>
    <datafield tag="787" ind1="1" ind2=" ">
      <subfield code="o">islandora_article_repository</subfield>
    </datafield>
    <datafield tag="787" ind1="1" ind2=" ">
      <subfield code="o">product_pubag</subfield>
    </datafield>
    <datafield tag="787" ind1="1" ind2=" ">
      <subfield code="o">(Journal)jnl9013</subfield>
    </datafield>
    <datafield tag="856" ind1="4" ind2="0">
      <subfield code="u">https://dx.doi.org/10.1016/j.foreco.2020.118355</subfield>
      <subfield code="3">Available from publisher's site</subfield>
    </datafield>
    <datafield tag="856" ind1="4" ind2="0">
      <subfield code="u">https://handle.nal.usda.gov/10113/7010111</subfield>
      <subfield code="3">Available in the National Agricultural Library PubAg search
        system</subfield>
    </datafield>
    <datafield tag="912" ind1=" " ind2=" ">
      <subfield code="a">Article</subfield>
    </datafield>
    <datafield tag="914" ind1=" " ind2=" ">
      <subfield code="a">Journal:jnl9013</subfield>
      <subfield code="b">0378-1127</subfield>
      <subfield code="c">474</subfield>
    </datafield>
    <datafield tag="914" ind1=" " ind2=" ">
      <subfield code="f">Forest ecology and management</subfield>
    </datafield>
    <datafield tag="916" ind1=" " ind2=" ">
      <subfield code="a">Batch:10148</subfield>
    </datafield>
    <datafield tag="917" ind1=" " ind2=" ">
      <subfield code="a">issued</subfield>
    </datafield>
    <datafield tag="918" ind1="2" ind2=" ">
      <subfield code="a">Elsevier Consyn</subfield>
      <subfield code="e">provider</subfield>
      <subfield code="5">DNAL</subfield>
    </datafield>
    <datafield tag="935" ind1=" " ind2=" ">
      <subfield code="a">IND607010111</subfield>
      <subfield code="9">ExL</subfield>
    </datafield>
    <datafield tag="949" ind1=" " ind2=" ">
      <subfield code="a">2021-06-18</subfield>
    </datafield>
    <datafield tag="953" ind1=" " ind2=" ">
      <subfield code="a">/data/metadata/incoming/consyn/149334072832125770-00003-HEAD-ONLY-NEW
        CONSYN ISSNS.zip</subfield>
    </datafield>
    <datafield tag="954" ind1=" " ind2=" ">
      <subfield code="a">file:/data/metadata/staging/consyn/S0378112720311245.xml</subfield>
    </datafield>
    <datafield tag="955" ind1=" " ind2=" ">
      <subfield code="a">/data/metadata/staging/consyn/</subfield>
    </datafield>
    <datafield tag="961" ind1=" " ind2=" ">
      <subfield code="a">USDA/FSUSDA</subfield>
    </datafield>
    <datafield tag="962" ind1=" " ind2=" ">
      <subfield code="a">USDA Scientist Submission; eISSN 1872-7042</subfield>
    </datafield>
    <datafield tag="962" ind1=" " ind2=" ">
      <subfield code="a">Missing ISSN</subfield>
    </datafield>
    <datafield tag="974" ind1=" " ind2=" ">
      <subfield code="a">agid:7010111</subfield>
    </datafield>
    <datafield tag="983" ind1=" " ind2=" ">
      <subfield code="a">2020-09-13</subfield>
    </datafield>
    <datafield tag="984" ind1=" " ind2=" ">
      <subfield code="a">2022-09-06</subfield>
    </datafield>
  </record>