
  <record>
    <leader>05229nab a2200781 u 4500</leader>
    <controlfield tag="001">9916230241407426</controlfield>
    <controlfield tag="005">20221118011434.0</controlfield>
    <controlfield tag="008">201201e202012 xx |||||o|||||||||||eng||</controlfield>
    <datafield tag="016" ind1="7" ind2=" ">
      <subfield code="a">IND607192496</subfield>
      <subfield code="2">DNAL</subfield>
    </datafield>
    <datafield tag="024" ind1="7" ind2=" ">
      <subfield code="a">10.1111/jbi.13952</subfield>
      <subfield code="2">doi</subfield>
    </datafield>
    <datafield tag="035" ind1=" " ind2=" ">
      <subfield code="a">agid:7192496-01nal_inst</subfield>
    </datafield>
    <datafield tag="040" ind1=" " ind2=" ">
      <subfield code="a">AGL</subfield>
      <subfield code="b">eng</subfield>
      <subfield code="c">AGL</subfield>
    </datafield>
    <datafield tag="100" ind1="1" ind2=" ">
      <subfield code="a">Garbarino, Matteo</subfield>
      <subfield code="e">author</subfield>
      <subfield code="u">Department DISAFA, Università degli Studi di Torino, Grugliasco,
        Italy</subfield>
      <subfield code="1">https://orcid.org/0000-0002-9010-1731</subfield>
    </datafield>
    <datafield tag="245" ind1="1" ind2="0">
      <subfield code="a">Upper and lower treeline biogeographic patterns in semi‐arid pinyon‐juniper
        woodlands</subfield>
    </datafield>
    <datafield tag="300" ind1=" " ind2=" ">
      <subfield code="a">p. 2634-2644.</subfield>
    </datafield>
    <datafield tag="500" ind1=" " ind2=" ">
      <subfield code="a">NAL-AP-2-clean</subfield>
    </datafield>
    <datafield tag="500" ind1=" " ind2=" ">
      <subfield code="a">JOURNAL ARTICLE</subfield>
    </datafield>
    <datafield tag="520" ind1=" " ind2=" ">
      <subfield code="a">AIM: Upper and lower treelines are particularly exposed to a changing
        climate. It has been hypothesized that upper treelines are constrained by growing season
        temperature, whereas lower tree lines are water limited. We expect different causal
        mechanisms of upper versus lower tree line formation to generate distinct patterns of
        spatial heterogeneity. Here, we compare dynamics, spatial patterns and shape complexity of
        upper and lower tree lines of semi‐arid pinyon‐juniper woodlands. LOCATION: Toiyabe Range of
        the Nevada Great Basin (western US). TAXON: Pinus monophylla Torr. &amp; Frém. and Juniperus
        osteosperma (Torr.) METHODS: Within 20 sample plots (10 along the upper and 10 along the
        lower tree line), we mapped tree canopies through photointerpretation of high‐resolution
        imagery. We performed point pattern analyses to compare the spatial arrangement of trees and
        used LANDSAT 30‐year time series and NDVI to understand the vegetation dynamics of these
        ecotones. We adopted the surface roughness method to measure tree line shape complexity.
        RESULTS: Lower tree lines were denser and showed a stronger trend of increasing NDVI change
        over the 1984–2015 period. Trees at the lower tree line were more strongly aggregated than
        at the upper tree line at spatial scales ranging from 15 to 65 meters. Shape complexity was
        higher at upper tree lines, expressed by a higher mean surface roughness; however, the
        spatial structures of upper and lower tree lines were similar. MAIN CONCLUSIONS: Upper tree
        line expansion of pinyon‐juniper woodlands in the study area has been limited and highly
        variable, but lower tree line downslope expansion into adjacent shrub steppe vegetation was
        evident. The expected difference between energy‐ and water‐limited tree lines did not
        manifest in the observed spatial structures. Differences in tree line shape complexity were
        not significant, although lower tree lines exhibited less complex shapes, likely because
        they have been more strongly influenced by anthropogenic factors.</subfield>
    </datafield>
    <datafield tag="592" ind1=" " ind2=" ">
      <subfield code="a">Publisher supplied data</subfield>
    </datafield>
    <datafield tag="593" ind1=" " ind2=" ">
      <subfield code="a">PubAg article</subfield>
    </datafield>
    <datafield tag="596" ind1=" " ind2=" ">
      <subfield code="a">#1003021</subfield>
      <subfield code="c">USDA National Institute of Food and Agriculture</subfield>
    </datafield>
    <datafield tag="596" ind1=" " ind2=" ">
      <subfield code="c">University of Nevada, Reno</subfield>
    </datafield>
    <datafield tag="596" ind1=" " ind2=" ">
      <subfield code="c">Nevada Agricultural Experiment Station</subfield>
    </datafield>
    <datafield tag="596" ind1=" " ind2=" ">
      <subfield code="c">Marche Polytechnic University</subfield>
    </datafield>
    <datafield tag="650" ind1=" " ind2="3">
      <subfield code="a">Juniperus osteosperma</subfield>
    </datafield>
    <datafield tag="650" ind1=" " ind2="3">
      <subfield code="a">Landsat</subfield>
    </datafield>
    <datafield tag="650" ind1=" " ind2="3">
      <subfield code="a">Pinus monophylla</subfield>
    </datafield>
    <datafield tag="650" ind1=" " ind2="3">
      <subfield code="a">basins</subfield>
    </datafield>
    <datafield tag="650" ind1=" " ind2="3">
      <subfield code="a">biogeography</subfield>
    </datafield>
    <datafield tag="650" ind1=" " ind2="3">
      <subfield code="a">climate</subfield>
    </datafield>
    <datafield tag="650" ind1=" " ind2="3">
      <subfield code="a">ecotones</subfield>
    </datafield>
    <datafield tag="650" ind1=" " ind2="3">
      <subfield code="a">geographical distribution</subfield>
    </datafield>
    <datafield tag="650" ind1=" " ind2="3">
      <subfield code="a">image interpretation</subfield>
    </datafield>
    <datafield tag="650" ind1=" " ind2="3">
      <subfield code="a">pinyon-juniper</subfield>
    </datafield>
    <datafield tag="650" ind1=" " ind2="3">
      <subfield code="a">shrubs</subfield>
    </datafield>
    <datafield tag="650" ind1=" " ind2="3">
      <subfield code="a">spatial variation</subfield>
    </datafield>
    <datafield tag="650" ind1=" " ind2="3">
      <subfield code="a">steppes</subfield>
    </datafield>
    <datafield tag="650" ind1=" " ind2="3">
      <subfield code="a">surface roughness</subfield>
    </datafield>
    <datafield tag="650" ind1=" " ind2="3">
      <subfield code="a">temperature</subfield>
    </datafield>
    <datafield tag="650" ind1=" " ind2="3">
      <subfield code="a">time series analysis</subfield>
    </datafield>
    <datafield tag="650" ind1=" " ind2="3">
      <subfield code="a">treeline</subfield>
    </datafield>
    <datafield tag="650" ind1=" " ind2="3">
      <subfield code="a">trees</subfield>
    </datafield>
    <datafield tag="651" ind1=" " ind2="3">
      <subfield code="a">Nevada</subfield>
    </datafield>
    <datafield tag="700" ind1="1" ind2=" ">
      <subfield code="a">Malandra, Francesco</subfield>
      <subfield code="e">author</subfield>
      <subfield code="u">Department D3A, Marche Polytechnic University, Ancona, Italy</subfield>
    </datafield>
    <datafield tag="700" ind1="1" ind2=" ">
      <subfield code="a">Dilts, Thomas</subfield>
      <subfield code="e">author</subfield>
      <subfield code="u">Department of Natural Resources and Environmental Science, University of
        Nevada, Reno, NV, USA</subfield>
      <subfield code="1">https://orcid.org/0000-0003-4234-0698</subfield>
    </datafield>
    <datafield tag="700" ind1="1" ind2=" ">
      <subfield code="a">Flake, Sam</subfield>
      <subfield code="e">author</subfield>
      <subfield code="u">Department of Natural Resources and Environmental Science, University of
        Nevada, Reno, NV, USA</subfield>
    </datafield>
    <datafield tag="700" ind1="1" ind2=" ">
      <subfield code="a">Montalto, Luigi</subfield>
      <subfield code="e">author</subfield>
      <subfield code="u">Department SIMAU, Marche Polytechnic University, Ancona, Italy</subfield>
    </datafield>
    <datafield tag="700" ind1="1" ind2=" ">
      <subfield code="a">Spinsante, Susanna</subfield>
      <subfield code="e">author</subfield>
      <subfield code="u">Department DII, Marche Polytechnic University, Ancona, Italy</subfield>
    </datafield>
    <datafield tag="700" ind1="1" ind2=" ">
      <subfield code="a">Weisberg, Peter J.</subfield>
      <subfield code="e">author</subfield>
      <subfield code="u">Department of Natural Resources and Environmental Science, University of
        Nevada, Reno, NV, USA</subfield>
    </datafield>
    <datafield tag="773" ind1="0" ind2=" ">
      <subfield code="t">Journal of biogeography.</subfield>
      <subfield code="g">2020 Dec., v. 47, no. 12 p.2634-2644</subfield>
      <subfield code="d">John Wiley &amp; Sons, Ltd</subfield>
      <subfield code="w">Journal:jnl9765</subfield>
      <subfield code="x">0305-0270</subfield>
      <subfield code="7">nnas</subfield>
    </datafield>
    <datafield tag="787" ind1="1" ind2=" ">
      <subfield code="o">islandora_article_repository</subfield>
    </datafield>
    <datafield tag="787" ind1="1" ind2=" ">
      <subfield code="o">product_pubag</subfield>
    </datafield>
    <datafield tag="787" ind1="1" ind2=" ">
      <subfield code="o">(Journal)jnl9765</subfield>
    </datafield>
    <datafield tag="856" ind1="4" ind2="0">
      <subfield code="u">http://dx.doi.org/10.1111/jbi.13952</subfield>
      <subfield code="3">Available from publisher's site</subfield>
    </datafield>
    <datafield tag="912" ind1=" " ind2=" ">
      <subfield code="a">Article</subfield>
    </datafield>
    <datafield tag="914" ind1=" " ind2=" ">
      <subfield code="a">Journal:jnl9765</subfield>
      <subfield code="b">0305-0270</subfield>
      <subfield code="c">47</subfield>
      <subfield code="d">12</subfield>
      <subfield code="e">2634</subfield>
    </datafield>
    <datafield tag="914" ind1=" " ind2=" ">
      <subfield code="f">Journal of biogeography</subfield>
    </datafield>
    <datafield tag="916" ind1=" " ind2=" ">
      <subfield code="a">Batch:10149</subfield>
    </datafield>
    <datafield tag="917" ind1=" " ind2=" ">
      <subfield code="a">issued</subfield>
    </datafield>
    <datafield tag="918" ind1="2" ind2=" ">
      <subfield code="a">John Wiley &amp; Sons, Inc</subfield>
      <subfield code="e">provider</subfield>
      <subfield code="5">DNAL</subfield>
    </datafield>
    <datafield tag="935" ind1=" " ind2=" ">
      <subfield code="a">IND607192496</subfield>
      <subfield code="9">ExL</subfield>
    </datafield>
    <datafield tag="949" ind1=" " ind2=" ">
      <subfield code="a">2021-06-18</subfield>
    </datafield>
    <datafield tag="953" ind1=" " ind2=" ">
      <subfield code="a">/data/metadata/incoming/wiley/03050270_2020_47_12.xml</subfield>
    </datafield>
    <datafield tag="954" ind1=" " ind2=" ">
      <subfield code="a">file:/data/metadata/staging/wiley/03050270_2020_47_12.xml</subfield>
    </datafield>
    <datafield tag="955" ind1=" " ind2=" ">
      <subfield code="a">/data/metadata/staging/wiley/</subfield>
    </datafield>
    <datafield tag="974" ind1=" " ind2=" ">
      <subfield code="a">agid:7192496</subfield>
    </datafield>
    <datafield tag="983" ind1=" " ind2=" ">
      <subfield code="a">2020-12-01</subfield>
    </datafield>
    <datafield tag="984" ind1=" " ind2=" ">
      <subfield code="a">2021-06-18</subfield>
    </datafield>
  </record>