
  <record>
    <leader>05227nab a2200637 u 4500</leader>
    <controlfield tag="001">9916230408107426</controlfield>
    <controlfield tag="005">20221118011159.0</controlfield>
    <controlfield tag="008">181002e201810 xx |||||o|||||||||||eng||</controlfield>
    <datafield tag="016" ind1="7" ind2=" ">
      <subfield code="a">IND606141633</subfield>
      <subfield code="2">DNAL</subfield>
    </datafield>
    <datafield tag="024" ind1="7" ind2=" ">
      <subfield code="a">10.1007/s10530-018-1727-y</subfield>
      <subfield code="2">doi</subfield>
    </datafield>
    <datafield tag="035" ind1=" " ind2=" ">
      <subfield code="a">agid:6141633-01nal_inst</subfield>
    </datafield>
    <datafield tag="040" ind1=" " ind2=" ">
      <subfield code="a">AGL</subfield>
      <subfield code="b">eng</subfield>
      <subfield code="c">AGL</subfield>
    </datafield>
    <datafield tag="100" ind1="1" ind2=" ">
      <subfield code="a">de Oliveira, Guilherme</subfield>
      <subfield code="e">author</subfield>
      <subfield code="u">Laboratório de Biogeografia da Conservação, Instituto de Biologia, Centro
        de Ciências Agrárias, Ambientais e Biológicas, Universidade Federal do Recôncavo da Bahia,
        Rua Rui Barbosa, 710, Centro, Cruz das Almas, Bahia, 44380000, Brazil.
        guilhermeoliveirabio@yahoo.com.br</subfield>
      <subfield code="1">https://orcid.org/0000-0003-3165-5088</subfield>
    </datafield>
    <datafield tag="245" ind1="1" ind2="0">
      <subfield code="a">Combining the effects of biological invasion and climate change into
        systematic conservation planning for the Atlantic Forest</subfield>
    </datafield>
    <datafield tag="300" ind1=" " ind2=" ">
      <subfield code="a">p. 2753-2765.</subfield>
    </datafield>
    <datafield tag="520" ind1=" " ind2=" ">
      <subfield code="a">Biological invasions and climate changes are the major causes of changes in
        biodiversity, which reduce, shift, and extinguish species ranges. While climate changes have
        been widely used in systematic conservation planning (SCP), biological invasions are rarely
        considered. Here, we combine the effects of climate changes and Artocarpus heterophyllus
        Lam. (Moraceae) invasion on the SCP for endemic aromatic fruit tree species from the
        Atlantic Forest (EFAF). We tested the effect of invasion on SCP measures of species
        turnover, biotic stability, and irreplaceability. Ecological niche models were used to
        establish species environmental suitability for the preindustrial period for both invasive
        species and EFAF and to forecast to the end of the century (2080–2100). We calculated the
        niche overlap between the invasive species and EFAF and tested the overlap significance
        using a null model. We tested the biological invasion effect on the results using results
        with no species invasion correction. The niche overlap between A. heterophyllus and EFAF was
        significant for 50% of species in the preindustrial period and for 33% in the future. The
        spatial patterns of species turnover, biotic stability, and irreplaceability had significant
        effects on biological invasion changing the spatial pattern in both shape and magnitude,
        which can misplace and overvalue conservation priorities. We showed that the disregard of
        biological invasion on SCP can cause negative effects on SCP under climate change. We
        strongly recommend accounting for biological invasion in the evaluation of SCP.</subfield>
    </datafield>
    <datafield tag="592" ind1=" " ind2=" ">
      <subfield code="a">Publisher supplied data</subfield>
    </datafield>
    <datafield tag="593" ind1=" " ind2=" ">
      <subfield code="a">PubAg article</subfield>
    </datafield>
    <datafield tag="596" ind1=" " ind2=" ">
      <subfield code="a">442103/2014-0</subfield>
      <subfield code="c">Conselho Nacional de Desenvolvimento Científico e Tecnológico</subfield>
    </datafield>
    <datafield tag="596" ind1=" " ind2=" ">
      <subfield code="a">465610/2014-5</subfield>
      <subfield code="c">Conselho Nacional de Desenvolvimento Científico e Tecnológico</subfield>
    </datafield>
    <datafield tag="596" ind1=" " ind2=" ">
      <subfield code="a">6166/2014</subfield>
      <subfield code="c">Fundação de Amparo à Pesquisa do Estado da Bahia</subfield>
    </datafield>
    <datafield tag="596" ind1=" " ind2=" ">
      <subfield code="a">5878/2015</subfield>
      <subfield code="c">Fundação de Amparo à Pesquisa do Estado da Bahia</subfield>
    </datafield>
    <datafield tag="650" ind1=" " ind2="3">
      <subfield code="a">Artocarpus heterophyllus</subfield>
    </datafield>
    <datafield tag="650" ind1=" " ind2="3">
      <subfield code="a">biodiversity</subfield>
    </datafield>
    <datafield tag="650" ind1=" " ind2="3">
      <subfield code="a">climate change</subfield>
    </datafield>
    <datafield tag="650" ind1=" " ind2="3">
      <subfield code="a">ecological invasion</subfield>
    </datafield>
    <datafield tag="650" ind1=" " ind2="3">
      <subfield code="a">forests</subfield>
    </datafield>
    <datafield tag="650" ind1=" " ind2="3">
      <subfield code="a">fruit trees</subfield>
    </datafield>
    <datafield tag="650" ind1=" " ind2="3">
      <subfield code="a">invasive species</subfield>
    </datafield>
    <datafield tag="650" ind1=" " ind2="3">
      <subfield code="a">models</subfield>
    </datafield>
    <datafield tag="650" ind1=" " ind2="3">
      <subfield code="a">niches</subfield>
    </datafield>
    <datafield tag="650" ind1=" " ind2="3">
      <subfield code="a">planning</subfield>
    </datafield>
    <datafield tag="700" ind1="1" ind2=" ">
      <subfield code="a">de Souza Barreto, Bruno</subfield>
      <subfield code="e">author</subfield>
      <subfield code="u">Laboratório de Modelagem Ecológica, Coordenação de Ciência da Terra e
        Ecologia, Museu Paraense Emílio Goeldi, Avenida Perimetral, 1901, Terra Firme, Belém, Pará,
        66077530, Brazil</subfield>
    </datafield>
    <datafield tag="700" ind1="1" ind2=" ">
      <subfield code="a">da Silva dos Santos, Daniela</subfield>
      <subfield code="e">author</subfield>
      <subfield code="u">Laboratório de Biogeografia da Conservação, Instituto de Biologia, Centro
        de Ciências Agrárias, Ambientais e Biológicas, Universidade Federal do Recôncavo da Bahia,
        Rua Rui Barbosa, 710, Centro, Cruz das Almas, Bahia, 44380000, Brazil</subfield>
    </datafield>
    <datafield tag="700" ind1="1" ind2=" ">
      <subfield code="a">Queiroz de Matos, Vinícius</subfield>
      <subfield code="e">author</subfield>
      <subfield code="u">Laboratório de Biogeografia da Conservação, Instituto de Biologia, Centro
        de Ciências Agrárias, Ambientais e Biológicas, Universidade Federal do Recôncavo da Bahia,
        Rua Rui Barbosa, 710, Centro, Cruz das Almas, Bahia, 44380000, Brazil</subfield>
    </datafield>
    <datafield tag="700" ind1="1" ind2=" ">
      <subfield code="a">Seara Santos, Maria Cecília</subfield>
      <subfield code="e">author</subfield>
      <subfield code="u">Laboratório de Biogeografia da Conservação, Instituto de Biologia, Centro
        de Ciências Agrárias, Ambientais e Biológicas, Universidade Federal do Recôncavo da Bahia,
        Rua Rui Barbosa, 710, Centro, Cruz das Almas, Bahia, 44380000, Brazil</subfield>
    </datafield>
    <datafield tag="773" ind1="0" ind2=" ">
      <subfield code="t">Biological invasions.</subfield>
      <subfield code="g">2018 Oct., v. 20, no. 10 p.2753-2765</subfield>
      <subfield code="d">Springer International Publishing</subfield>
      <subfield code="w">Journal:jnl66237</subfield>
      <subfield code="x">1387-3547</subfield>
      <subfield code="7">nnas</subfield>
    </datafield>
    <datafield tag="787" ind1="1" ind2=" ">
      <subfield code="o">islandora_article_repository</subfield>
    </datafield>
    <datafield tag="787" ind1="1" ind2=" ">
      <subfield code="o">product_pubag</subfield>
    </datafield>
    <datafield tag="787" ind1="1" ind2=" ">
      <subfield code="o">(Journal)jnl66237</subfield>
    </datafield>
    <datafield tag="856" ind1="4" ind2="0">
      <subfield code="u">http://dx.doi.org/10.1007/s10530-018-1727-y</subfield>
      <subfield code="3">Available from publisher's site</subfield>
    </datafield>
    <datafield tag="912" ind1=" " ind2=" ">
      <subfield code="a">Article</subfield>
    </datafield>
    <datafield tag="914" ind1=" " ind2=" ">
      <subfield code="a">Journal:jnl66237</subfield>
      <subfield code="b">1387-3547</subfield>
      <subfield code="c">20</subfield>
      <subfield code="d">10</subfield>
      <subfield code="e">2753</subfield>
    </datafield>
    <datafield tag="914" ind1=" " ind2=" ">
      <subfield code="f">Biological invasions</subfield>
    </datafield>
    <datafield tag="916" ind1=" " ind2=" ">
      <subfield code="a">Batch:2087</subfield>
    </datafield>
    <datafield tag="917" ind1=" " ind2=" ">
      <subfield code="a">issued</subfield>
    </datafield>
    <datafield tag="918" ind1="2" ind2=" ">
      <subfield code="a">Springer</subfield>
      <subfield code="e">provider</subfield>
      <subfield code="5">DNAL</subfield>
    </datafield>
    <datafield tag="935" ind1=" " ind2=" ">
      <subfield code="a">IND606141633</subfield>
      <subfield code="9">ExL</subfield>
    </datafield>
    <datafield tag="949" ind1=" " ind2=" ">
      <subfield code="a">2018-10-26</subfield>
    </datafield>
    <datafield tag="953" ind1=" " ind2=" ">
      <subfield code="a">/data/metadata/incoming/springer/ftp_PUB_18-09-20_05-46-12.zip</subfield>
    </datafield>
    <datafield tag="954" ind1=" " ind2=" ">
      <subfield code="a">file:/data/metadata/staging/springer/10530-20-10.xml</subfield>
    </datafield>
    <datafield tag="955" ind1=" " ind2=" ">
      <subfield code="a">/data/metadata/staging/springer/</subfield>
    </datafield>
    <datafield tag="962" ind1=" " ind2=" ">
      <subfield code="a">Batch:2087 reviewed on 2018-10-26T15:00:03Z</subfield>
    </datafield>
    <datafield tag="974" ind1=" " ind2=" ">
      <subfield code="a">agid:6141633</subfield>
    </datafield>
    <datafield tag="983" ind1=" " ind2=" ">
      <subfield code="a">2018-10-02</subfield>
    </datafield>
    <datafield tag="984" ind1=" " ind2=" ">
      <subfield code="a">2018-10-26</subfield>
    </datafield>
  </record>