
  <record>
    <leader>04852nab a2200685 u 4500</leader>
    <controlfield tag="001">9916230503207426</controlfield>
    <controlfield tag="005">20221118011313.0</controlfield>
    <controlfield tag="008">171102e201711 xx |||||o|||||||||||eng||</controlfield>
    <datafield tag="016" ind1="7" ind2=" ">
      <subfield code="a">IND605851087</subfield>
      <subfield code="2">DNAL</subfield>
    </datafield>
    <datafield tag="024" ind1="7" ind2=" ">
      <subfield code="a">10.1111/1365-2435.12911</subfield>
      <subfield code="2">doi</subfield>
    </datafield>
    <datafield tag="035" ind1=" " ind2=" ">
      <subfield code="a">agid:5851087-01nal_inst</subfield>
    </datafield>
    <datafield tag="040" ind1=" " ind2=" ">
      <subfield code="a">AGL</subfield>
      <subfield code="b">eng</subfield>
      <subfield code="c">AGL</subfield>
    </datafield>
    <datafield tag="100" ind1="1" ind2=" ">
      <subfield code="a">Mason, Charles J.</subfield>
      <subfield code="e">author</subfield>
    </datafield>
    <datafield tag="245" ind1="1" ind2="0">
      <subfield code="a">Spatial and temporal components of induced plant responses in the context
        of herbivore life history and impact on host</subfield>
    </datafield>
    <datafield tag="300" ind1=" " ind2=" ">
      <subfield code="a">p. 2034-2050.</subfield>
    </datafield>
    <datafield tag="500" ind1=" " ind2=" ">
      <subfield code="a">JOURNAL ARTICLE</subfield>
    </datafield>
    <datafield tag="520" ind1=" " ind2=" ">
      <subfield code="a">Plants defend against herbivores and pathogens through integrated
        constitutive and induced defences. Induced responses may be expressed locally or
        tissue/plant‐wide, i.e. systemically, and may also be primed for subsequent attack. Although
        the elicitation and efficacy of induced responses are increasingly well‐characterised, we
        have little understanding of how timing and within‐plant spatial patterns of induced
        defences relate to different herbivore behaviours and selective pressures. We used
        interactions between pines and their major mortality agents, native bark beetle‐fungal
        complexes, to explore this dimension. We analysed concentrations of multiple terpenoid and
        phenolic classes, and lesion formation, to provide a comprehensive profile of specialised
        metabolites and histological responses in red pine (Pinus resinosa) phloem. We examined
        these profiles in constitutive tissue and following simulated attack, sampling both at the
        point of challenge and away from the attack site, and following a second simulated attack.
        Terpenoid concentrations increased by &gt;100‐fold at the site of simulated attack. In
        contrast, systemic induction of terpenoids was absent or weak, with most exhibiting no
        change and others increasing only 1.5–2 fold. Previous elicitation did not influence
        terpenoid concentrations, either locally or tissue‐wide, when trees were challenged a second
        time. Phenolics had mixed responses in localised tissues, with some compounds increasing and
        others decreasing. Like terpenoids, phenolics did not show substantial systemic, tissue‐wide
        changes, and likewise showed no evidence of priming. Collectively, these results indicate
        that red pine employs a strategy of maximising its response at each point of attack by bark
        beetles. Pines have been shown to express systemic induced resistance against several canker
        fungi, so the absence of these responses suggests agent‐specific reactions, rather than
        inherent incapability. Rapid local induction seems to be a better strategy in this instance
        because if a bark beetle can succeed in entering and producing pheromones from a host, the
        resulting mass attack usually exceeds defense capacity and kills the tree. These results
        highlight how plant defence syndromes can modulate the spatial and temporal dynamics of
        induced responses, in addition to the chemical and morphological traits deployed. A plain
        language summary is available for this article.</subfield>
    </datafield>
    <datafield tag="592" ind1=" " ind2=" ">
      <subfield code="a">Publisher supplied data</subfield>
    </datafield>
    <datafield tag="593" ind1=" " ind2=" ">
      <subfield code="a">PubAg article</subfield>
    </datafield>
    <datafield tag="650" ind1=" " ind2="3">
      <subfield code="a">Pinus resinosa</subfield>
    </datafield>
    <datafield tag="650" ind1=" " ind2="3">
      <subfield code="a">bark</subfield>
    </datafield>
    <datafield tag="650" ind1=" " ind2="3">
      <subfield code="a">bark beetles</subfield>
    </datafield>
    <datafield tag="650" ind1=" " ind2="3">
      <subfield code="a">fungi</subfield>
    </datafield>
    <datafield tag="650" ind1=" " ind2="3">
      <subfield code="a">herbivores</subfield>
    </datafield>
    <datafield tag="650" ind1=" " ind2="3">
      <subfield code="a">histology</subfield>
    </datafield>
    <datafield tag="650" ind1=" " ind2="3">
      <subfield code="a">life history</subfield>
    </datafield>
    <datafield tag="650" ind1=" " ind2="3">
      <subfield code="a">metabolites</subfield>
    </datafield>
    <datafield tag="650" ind1=" " ind2="3">
      <subfield code="a">mortality</subfield>
    </datafield>
    <datafield tag="650" ind1=" " ind2="3">
      <subfield code="a">pathogens</subfield>
    </datafield>
    <datafield tag="650" ind1=" " ind2="3">
      <subfield code="a">phenolic compounds</subfield>
    </datafield>
    <datafield tag="650" ind1=" " ind2="3">
      <subfield code="a">pheromones</subfield>
    </datafield>
    <datafield tag="650" ind1=" " ind2="3">
      <subfield code="a">phloem</subfield>
    </datafield>
    <datafield tag="650" ind1=" " ind2="3">
      <subfield code="a">plant response</subfield>
    </datafield>
    <datafield tag="650" ind1=" " ind2="3">
      <subfield code="a">temporal variation</subfield>
    </datafield>
    <datafield tag="650" ind1=" " ind2="3">
      <subfield code="a">terpenoids</subfield>
    </datafield>
    <datafield tag="650" ind1=" " ind2="3">
      <subfield code="a">trees</subfield>
    </datafield>
    <datafield tag="700" ind1="1" ind2=" ">
      <subfield code="a">Villari, Caterina</subfield>
      <subfield code="e">author</subfield>
    </datafield>
    <datafield tag="700" ind1="1" ind2=" ">
      <subfield code="a">Keefover‐Ring, Ken</subfield>
      <subfield code="e">author</subfield>
    </datafield>
    <datafield tag="700" ind1="1" ind2=" ">
      <subfield code="a">Jagemann, Stephanie</subfield>
      <subfield code="e">author</subfield>
      <subfield code="u">Department of Entomology, University of Wisconsin–Madison, Madison, WI,
        USA</subfield>
    </datafield>
    <datafield tag="700" ind1="1" ind2=" ">
      <subfield code="a">Zhu, Jun</subfield>
      <subfield code="e">author</subfield>
    </datafield>
    <datafield tag="700" ind1="1" ind2=" ">
      <subfield code="a">Bonello, Pierluigi</subfield>
      <subfield code="e">author</subfield>
      <subfield code="u">Department of Plant Pathology, The Ohio State University, Columbus, OH,
        USA</subfield>
    </datafield>
    <datafield tag="700" ind1="1" ind2=" ">
      <subfield code="a">Raffa, Kenneth F.</subfield>
      <subfield code="e">author</subfield>
      <subfield code="u">Department of Entomology, University of Wisconsin–Madison, Madison, WI,
        USA</subfield>
    </datafield>
    <datafield tag="773" ind1="0" ind2=" ">
      <subfield code="t">Functional ecology.</subfield>
      <subfield code="g">2017 Nov., v. 31, no. 11 p.2034-2050</subfield>
      <subfield code="d">John Wiley &amp; Sons, Ltd</subfield>
      <subfield code="x">0269-8463</subfield>
      <subfield code="7">nnas</subfield>
    </datafield>
    <datafield tag="787" ind1="1" ind2=" ">
      <subfield code="o">islandora_article_repository</subfield>
    </datafield>
    <datafield tag="787" ind1="1" ind2=" ">
      <subfield code="o">product_pubag</subfield>
    </datafield>
    <datafield tag="787" ind1="1" ind2=" ">
      <subfield code="o">(Journal)jnl44821</subfield>
    </datafield>
    <datafield tag="856" ind1="4" ind2="0">
      <subfield code="u">http://dx.doi.org/10.1111/1365-2435.12911</subfield>
      <subfield code="3">Available from publisher's site</subfield>
    </datafield>
    <datafield tag="912" ind1=" " ind2=" ">
      <subfield code="a">Article</subfield>
    </datafield>
    <datafield tag="914" ind1=" " ind2=" ">
      <subfield code="a">Journal:jnl44821</subfield>
      <subfield code="b">0269-8463</subfield>
      <subfield code="c">31</subfield>
      <subfield code="d">11</subfield>
      <subfield code="e">2034</subfield>
    </datafield>
    <datafield tag="914" ind1=" " ind2=" ">
      <subfield code="f">Functional ecology</subfield>
    </datafield>
    <datafield tag="916" ind1=" " ind2=" ">
      <subfield code="a">Batch:1877</subfield>
    </datafield>
    <datafield tag="917" ind1=" " ind2=" ">
      <subfield code="a">issued</subfield>
    </datafield>
    <datafield tag="918" ind1="2" ind2=" ">
      <subfield code="a">John Wiley &amp; Sons, Inc</subfield>
      <subfield code="e">provider</subfield>
      <subfield code="5">DNAL</subfield>
    </datafield>
    <datafield tag="935" ind1=" " ind2=" ">
      <subfield code="a">IND605851087</subfield>
      <subfield code="9">ExL</subfield>
    </datafield>
    <datafield tag="949" ind1=" " ind2=" ">
      <subfield code="a">2018-01-09</subfield>
    </datafield>
    <datafield tag="953" ind1=" " ind2=" ">
      <subfield code="a">02698463_2017_31_11.xml</subfield>
    </datafield>
    <datafield tag="962" ind1=" " ind2=" ">
      <subfield code="a">Batch:1877 reviewed on 2018-01-09T13:00:03Z</subfield>
    </datafield>
    <datafield tag="974" ind1=" " ind2=" ">
      <subfield code="a">agid:5851087</subfield>
    </datafield>
    <datafield tag="983" ind1=" " ind2=" ">
      <subfield code="a">2017-11-02</subfield>
    </datafield>
    <datafield tag="984" ind1=" " ind2=" ">
      <subfield code="a">2018-01-09</subfield>
    </datafield>
  </record>