
  <record>
    <leader>04509nab a2200685 u 4500</leader>
    <controlfield tag="001">9916230509607426</controlfield>
    <controlfield tag="005">20221118011448.0</controlfield>
    <controlfield tag="008">171102e201711 xx |||||o|||||||||||eng||</controlfield>
    <datafield tag="016" ind1="7" ind2=" ">
      <subfield code="a">IND605851042</subfield>
      <subfield code="2">DNAL</subfield>
    </datafield>
    <datafield tag="024" ind1="7" ind2=" ">
      <subfield code="a">10.1111/oik.04377</subfield>
      <subfield code="2">doi</subfield>
    </datafield>
    <datafield tag="035" ind1=" " ind2=" ">
      <subfield code="a">agid:5851042-01nal_inst</subfield>
    </datafield>
    <datafield tag="040" ind1=" " ind2=" ">
      <subfield code="a">AGL</subfield>
      <subfield code="b">eng</subfield>
      <subfield code="c">AGL</subfield>
    </datafield>
    <datafield tag="100" ind1="1" ind2=" ">
      <subfield code="a">Loranger, Hannah</subfield>
      <subfield code="e">author</subfield>
      <subfield code="u">Functional Ecology of Plants, Inst. of Biology and Environmental Sciences,
        Univ. of Oldenburg, Oldenburg, Germany</subfield>
    </datafield>
    <datafield tag="245" ind1="1" ind2="0">
      <subfield code="a">Competitor or facilitator? The ambiguous role of alpine grassland for the
        early establishment of tree seedlings at treeline</subfield>
    </datafield>
    <datafield tag="300" ind1=" " ind2=" ">
      <subfield code="a">p. 1625-1636.</subfield>
    </datafield>
    <datafield tag="500" ind1=" " ind2=" ">
      <subfield code="a">JOURNAL ARTICLE</subfield>
    </datafield>
    <datafield tag="520" ind1=" " ind2=" ">
      <subfield code="a">Alpine treelines are expected to move upslope with a warming climate.
        However, so far treelines have responded inconsistently and future shifts remain difficult
        to predict since many factors unrelated to temperature, such as biotic interactions, affect
        responses at the local scale. Especially during the earliest regeneration stages, trees can
        be strongly influenced by alpine vegetation via both competition and facilitation. We aimed
        to understand the relative importance of these two types of interaction in different
        vegetation structures for treeline regeneration dynamics. Effects of herbaceous alpine
        vegetation on seedling emergence and first‐year performance were studied in a field
        experiment in the French Alps (2100 m a.s.l.) with five important European treeline tree
        species: Larix decidua, Picea abies, Pinus cembra, Pinus uncinata and Sorbus aucuparia.
        Total emergence and locally‐germinated seedling survival were not affected, but for
        seedlings planted at two months of age, negative vegetation impacts dominated for all
        response parameters: first‐year survival, growth and carbohydrate accumulation. However, in
        the winter half‐year, evergreen tree seedlings increased carbohydrate reserves under the
        protection of senescent herbs. Also, responses of locally‐germinated seedlings suggest
        facilitative vegetation effects in the first two months after emergence. Thus, the
        interaction switched between competition and facilitation according to ontogenetic stage and
        seasons. Still, the net outcome after one year was negative, but species differed in their
        susceptibilities. Because initial establishment is the first bottleneck determining whether
        treelines remain stable or move upslope, understanding establishment, including site‐,
        life‐stage and species‐specific processes, is essential for understanding observed treeline
        spatial patterns and dynamics. When developing predictive models of treeline dynamics, all
        these ‘local’ aspects should be incorporated in addition to more global drivers like changes
        in temperature.</subfield>
    </datafield>
    <datafield tag="592" ind1=" " ind2=" ">
      <subfield code="a">Publisher supplied data</subfield>
    </datafield>
    <datafield tag="593" ind1=" " ind2=" ">
      <subfield code="a">PubAg article</subfield>
    </datafield>
    <datafield tag="650" ind1=" " ind2="3">
      <subfield code="a">Larix decidua</subfield>
    </datafield>
    <datafield tag="650" ind1=" " ind2="3">
      <subfield code="a">Picea abies</subfield>
    </datafield>
    <datafield tag="650" ind1=" " ind2="3">
      <subfield code="a">Pinus cembra</subfield>
    </datafield>
    <datafield tag="650" ind1=" " ind2="3">
      <subfield code="a">Pinus uncinata</subfield>
    </datafield>
    <datafield tag="650" ind1=" " ind2="3">
      <subfield code="a">Sorbus aucuparia</subfield>
    </datafield>
    <datafield tag="650" ind1=" " ind2="3">
      <subfield code="a">alpine grasslands</subfield>
    </datafield>
    <datafield tag="650" ind1=" " ind2="3">
      <subfield code="a">alpine vegetation</subfield>
    </datafield>
    <datafield tag="650" ind1=" " ind2="3">
      <subfield code="a">altitude</subfield>
    </datafield>
    <datafield tag="650" ind1=" " ind2="3">
      <subfield code="a">biocenosis</subfield>
    </datafield>
    <datafield tag="650" ind1=" " ind2="3">
      <subfield code="a">field experimentation</subfield>
    </datafield>
    <datafield tag="650" ind1=" " ind2="3">
      <subfield code="a">herbs</subfield>
    </datafield>
    <datafield tag="650" ind1=" " ind2="3">
      <subfield code="a">models</subfield>
    </datafield>
    <datafield tag="650" ind1=" " ind2="3">
      <subfield code="a">ontogeny</subfield>
    </datafield>
    <datafield tag="650" ind1=" " ind2="3">
      <subfield code="a">seedling emergence</subfield>
    </datafield>
    <datafield tag="650" ind1=" " ind2="3">
      <subfield code="a">seedlings</subfield>
    </datafield>
    <datafield tag="650" ind1=" " ind2="3">
      <subfield code="a">temperature</subfield>
    </datafield>
    <datafield tag="650" ind1=" " ind2="3">
      <subfield code="a">treeline</subfield>
    </datafield>
    <datafield tag="650" ind1=" " ind2="3">
      <subfield code="a">trees</subfield>
    </datafield>
    <datafield tag="650" ind1=" " ind2="3">
      <subfield code="a">winter</subfield>
    </datafield>
    <datafield tag="651" ind1=" " ind2="3">
      <subfield code="a">Alps region</subfield>
    </datafield>
    <datafield tag="651" ind1=" " ind2="3">
      <subfield code="a">France</subfield>
    </datafield>
    <datafield tag="700" ind1="1" ind2=" ">
      <subfield code="a">Zotz, Gerhard</subfield>
      <subfield code="e">author</subfield>
      <subfield code="u">Functional Ecology of Plants, Inst. of Biology and Environmental Sciences,
        Univ. of Oldenburg, Oldenburg, Germany</subfield>
    </datafield>
    <datafield tag="700" ind1="1" ind2=" ">
      <subfield code="a">Bader, Maaike Y.</subfield>
      <subfield code="e">author</subfield>
      <subfield code="u">Ecological Plant Geography, Faculty of Geography, Univ. of Marburg,
        Deutschhausstraße 10, DE‐35032 Marburg, Germany</subfield>
    </datafield>
    <datafield tag="773" ind1="0" ind2=" ">
      <subfield code="t">Oikos.</subfield>
      <subfield code="g">2017 Nov., v. 126, no. 11 p.1625-1636</subfield>
      <subfield code="d">Blackwell Publishing Ltd</subfield>
      <subfield code="x">0030-1299</subfield>
      <subfield code="7">nnas</subfield>
    </datafield>
    <datafield tag="787" ind1="1" ind2=" ">
      <subfield code="o">islandora_article_repository</subfield>
    </datafield>
    <datafield tag="787" ind1="1" ind2=" ">
      <subfield code="o">product_pubag</subfield>
    </datafield>
    <datafield tag="787" ind1="1" ind2=" ">
      <subfield code="o">(Journal)jnl30362</subfield>
    </datafield>
    <datafield tag="856" ind1="4" ind2="0">
      <subfield code="u">http://dx.doi.org/10.1111/oik.04377</subfield>
      <subfield code="3">Available from publisher's site</subfield>
    </datafield>
    <datafield tag="912" ind1=" " ind2=" ">
      <subfield code="a">Article</subfield>
    </datafield>
    <datafield tag="914" ind1=" " ind2=" ">
      <subfield code="a">Journal:jnl30362</subfield>
      <subfield code="b">0030-1299</subfield>
      <subfield code="c">126</subfield>
      <subfield code="d">11</subfield>
      <subfield code="e">1625</subfield>
    </datafield>
    <datafield tag="914" ind1=" " ind2=" ">
      <subfield code="f">Oikos</subfield>
    </datafield>
    <datafield tag="916" ind1=" " ind2=" ">
      <subfield code="a">Batch:1888</subfield>
    </datafield>
    <datafield tag="917" ind1=" " ind2=" ">
      <subfield code="a">issued</subfield>
    </datafield>
    <datafield tag="918" ind1="2" ind2=" ">
      <subfield code="a">John Wiley &amp; Sons, Inc</subfield>
      <subfield code="e">provider</subfield>
      <subfield code="5">DNAL</subfield>
    </datafield>
    <datafield tag="935" ind1=" " ind2=" ">
      <subfield code="a">IND605851042</subfield>
      <subfield code="9">ExL</subfield>
    </datafield>
    <datafield tag="949" ind1=" " ind2=" ">
      <subfield code="a">2018-02-09</subfield>
    </datafield>
    <datafield tag="953" ind1=" " ind2=" ">
      <subfield code="a">00301299_2017_126_11.xml</subfield>
    </datafield>
    <datafield tag="962" ind1=" " ind2=" ">
      <subfield code="a">Batch:1888 reviewed on 2018-02-09T04:00:02Z</subfield>
    </datafield>
    <datafield tag="974" ind1=" " ind2=" ">
      <subfield code="a">agid:5851042</subfield>
    </datafield>
    <datafield tag="983" ind1=" " ind2=" ">
      <subfield code="a">2017-11-02</subfield>
    </datafield>
    <datafield tag="984" ind1=" " ind2=" ">
      <subfield code="a">2018-02-09</subfield>
    </datafield>
  </record>