
  <record>
    <leader>01792nab a2200601 u 4500</leader>
    <controlfield tag="001">9916230706507426</controlfield>
    <controlfield tag="005">20221118012614.0</controlfield>
    <controlfield tag="008">040518e20040205xx |||||o|||||||||||eng||</controlfield>
    <datafield tag="016" ind1="7" ind2=" ">
      <subfield code="a">IND43625600</subfield>
      <subfield code="2">DNAL</subfield>
    </datafield>
    <datafield tag="035" ind1=" " ind2=" ">
      <subfield code="a">agid:2587943-01nal_inst</subfield>
    </datafield>
    <datafield tag="040" ind1=" " ind2=" ">
      <subfield code="a">AGL</subfield>
      <subfield code="b">eng</subfield>
      <subfield code="c">AGL</subfield>
    </datafield>
    <datafield tag="072" ind1=" " ind2="0">
      <subfield code="a"> K810 </subfield>
    </datafield>
    <datafield tag="072" ind1=" " ind2="0">
      <subfield code="a"> F600 </subfield>
    </datafield>
    <datafield tag="072" ind1=" " ind2="0">
      <subfield code="a"> K001 </subfield>
    </datafield>
    <datafield tag="072" ind1=" " ind2="0">
      <subfield code="a"> K110 </subfield>
    </datafield>
    <datafield tag="100" ind1="1" ind2=" ">
      <subfield code="a">Gracia, M.</subfield>
    </datafield>
    <datafield tag="245" ind1="1" ind2="0">
      <subfield code="a">Effect of site quality and shading on sprouting patterns of holm oak
        coppices</subfield>
    </datafield>
    <datafield tag="300" ind1=" " ind2=" ">
      <subfield code="a">p. 39-49.</subfield>
    </datafield>
    <datafield tag="500" ind1=" " ind2=" ">
      <subfield code="a">2019-12-05</subfield>
    </datafield>
    <datafield tag="650" ind1=" " ind2="3">
      <subfield code="a">tree growth</subfield>
    </datafield>
    <datafield tag="650" ind1=" " ind2="3">
      <subfield code="a">forest trees</subfield>
    </datafield>
    <datafield tag="650" ind1=" " ind2="3">
      <subfield code="a">sprouting</subfield>
    </datafield>
    <datafield tag="650" ind1=" " ind2="3">
      <subfield code="a">tree crown</subfield>
    </datafield>
    <datafield tag="650" ind1=" " ind2="3">
      <subfield code="a">analysis of variance</subfield>
    </datafield>
    <datafield tag="650" ind1=" " ind2="3">
      <subfield code="a">coppicing</subfield>
    </datafield>
    <datafield tag="650" ind1=" " ind2="3">
      <subfield code="a">spatial distribution</subfield>
    </datafield>
    <datafield tag="650" ind1=" " ind2="3">
      <subfield code="a">height</subfield>
    </datafield>
    <datafield tag="650" ind1=" " ind2="3">
      <subfield code="a">forest stands</subfield>
    </datafield>
    <datafield tag="650" ind1=" " ind2="3">
      <subfield code="a">shade</subfield>
    </datafield>
    <datafield tag="650" ind1=" " ind2="3">
      <subfield code="a">natural regeneration</subfield>
    </datafield>
    <datafield tag="650" ind1=" " ind2="3">
      <subfield code="a">forest fires</subfield>
    </datafield>
    <datafield tag="650" ind1=" " ind2="3">
      <subfield code="a">Quercus ilex</subfield>
    </datafield>
    <datafield tag="650" ind1=" " ind2="3">
      <subfield code="a">stand structure</subfield>
    </datafield>
    <datafield tag="651" ind1=" " ind2="3">
      <subfield code="a">Spain</subfield>
    </datafield>
    <datafield tag="653" ind1=" " ind2="0">
      <subfield code="a">slope</subfield>
    </datafield>
    <datafield tag="700" ind1="1" ind2=" ">
      <subfield code="a">Retana, J.</subfield>
    </datafield>
    <datafield tag="773" ind1="0" ind2=" ">
      <subfield code="t">Forest ecology and management.</subfield>
      <subfield code="g">2004 Feb. 5, v. 188, no. 1-3 p.39-49</subfield>
      <subfield code="x">0378-1127</subfield>
      <subfield code="7">nnas</subfield>
    </datafield>
    <datafield tag="787" ind1="1" ind2=" ">
      <subfield code="o">islandora_article_repository</subfield>
    </datafield>
    <datafield tag="787" ind1="1" ind2=" ">
      <subfield code="o">(Journal)jnl9013</subfield>
    </datafield>
    <datafield tag="852" ind1=" " ind2=" ">
      <subfield code="a">DNAL</subfield>
    </datafield>
    <datafield tag="912" ind1=" " ind2=" ">
      <subfield code="a">Article</subfield>
    </datafield>
    <datafield tag="914" ind1=" " ind2=" ">
      <subfield code="a">Journal:jnl9013</subfield>
    </datafield>
    <datafield tag="914" ind1=" " ind2=" ">
      <subfield code="f">Forest ecology and management</subfield>
    </datafield>
    <datafield tag="917" ind1=" " ind2=" ">
      <subfield code="a">issued</subfield>
    </datafield>
    <datafield tag="930" ind1=" " ind2=" ">
      <subfield code="a">20040608</subfield>
      <subfield code="b">00000000</subfield>
      <subfield code="c">00000000</subfield>
    </datafield>
    <datafield tag="935" ind1=" " ind2=" ">
      <subfield code="a">IND43625600</subfield>
      <subfield code="9">ExL</subfield>
    </datafield>
    <datafield tag="945" ind1=" " ind2=" ">
      <subfield code="a">IND</subfield>
      <subfield code="d">GAY</subfield>
      <subfield code="e">2004/06/04</subfield>
    </datafield>
    <datafield tag="946" ind1=" " ind2=" ">
      <subfield code="a">Non-US</subfield>
    </datafield>
    <datafield tag="952" ind1=" " ind2=" ">
      <subfield code="a">20040608 00000000 00000000</subfield>
      <subfield code="b">IND GAY 2004/06/04</subfield>
    </datafield>
    <datafield tag="974" ind1=" " ind2=" ">
      <subfield code="a">agid:2587943</subfield>
    </datafield>
    <datafield tag="984" ind1=" " ind2=" ">
      <subfield code="a">2014-12-22</subfield>
    </datafield>
    <datafield tag="985" ind1=" " ind2=" ">
      <subfield code="a">Converted from MARCXML to MODS version 3.4 using MARC21slim2MODS3-4.xsl
        (Revision 1.95 2014/04/23)</subfield>
    </datafield>
    <datafield tag="986" ind1=" " ind2=" ">
      <subfield code="a">3625600</subfield>
    </datafield>
  </record>