
  <record>
    <leader>04605nab a2200841 u 4500</leader>
    <controlfield tag="001">9916230772707426</controlfield>
    <controlfield tag="005">20140724000000.0</controlfield>
    <controlfield tag="008">080909e200804 xx |||||o|||||||||||eng||</controlfield>
    <datafield tag="016" ind1="7" ind2=" ">
      <subfield code="a">IND44100387</subfield>
      <subfield code="2">DNAL</subfield>
    </datafield>
    <datafield tag="024" ind1="7" ind2=" ">
      <subfield code="a">18212806</subfield>
      <subfield code="2">pmid</subfield>
    </datafield>
    <datafield tag="024" ind1="7" ind2=" ">
      <subfield code="a">10.1038/sj.hdy.6801090</subfield>
      <subfield code="2">doi</subfield>
    </datafield>
    <datafield tag="035" ind1=" " ind2=" ">
      <subfield code="a">agid:737161-01nal_inst</subfield>
    </datafield>
    <datafield tag="040" ind1=" " ind2=" ">
      <subfield code="a">AGL</subfield>
      <subfield code="b">eng</subfield>
      <subfield code="c">AGL</subfield>
    </datafield>
    <datafield tag="072" ind1=" " ind2="0">
      <subfield code="a">F200</subfield>
    </datafield>
    <datafield tag="072" ind1=" " ind2="0">
      <subfield code="a">K001</subfield>
    </datafield>
    <datafield tag="072" ind1=" " ind2="0">
      <subfield code="a">F600</subfield>
    </datafield>
    <datafield tag="100" ind1="1" ind2=" ">
      <subfield code="a">de-Lucas, A.I.</subfield>
    </datafield>
    <datafield tag="245" ind1="1" ind2="0">
      <subfield code="a">Mating system and pollen gene flow in Mediterranean maritime
        pine</subfield>
    </datafield>
    <datafield tag="300" ind1=" " ind2=" ">
      <subfield code="a">p. 390-399.</subfield>
    </datafield>
    <datafield tag="500" ind1=" " ind2=" ">
      <subfield code="a">Includes references</subfield>
    </datafield>
    <datafield tag="500" ind1=" " ind2=" ">
      <subfield code="a">2019-12-06</subfield>
    </datafield>
    <datafield tag="520" ind1=" " ind2=" ">
      <subfield code="a">Mating systems define the mode of gene transmission across generations,
        helping to determine the amount and distribution of genetic variation within and among
        populations of plant species. A hierarchical analysis of Mediterranean maritime pine mating
        system (61 mother trees from 24 plots, clustered in three populations) was used to identify
        factors affecting mating patterns and to fit pollen dispersal kernels. Levels of ovule and
        seed abortion, multi- and single-locus outcrossing rates and correlated paternity were
        estimated from progeny arrays and correlated with ecological stand variables and biometric
        tree measures. Pollen dispersal kernels were fitted using TwoGener and KinDist indirect
        methods and simulations were carried out to identify relevant factors affecting correlated
        paternity. Maritime pine showed high outcrossing rates (t(m) and t(s) approximately 0.96)
        and relatively low levels of correlated paternity [an r(p) of 0.018 (Ritland's estimate) or
        0.048 (Hardy's estimate)], although higher than in other anemophilous tree species. Mating
        system parameters had high variation at the single-tree level (99-100%) but no stand or
        population effect was detected. At the single-tree level, outcrossing rates were correlated
        with tree (diameter and height) and crown size. In addition, correlated paternity showed a
        significant negative correlation with tree height, height to crown base and height to the
        largest crown width, probably reflecting the importance of the trees' 'ecological
        neighborhoods'. Indirectly estimated pollen dispersal kernels were very leptokurtic
        (exponential-power distributions with β&lt;&lt;0.5), with mean dispersal distances from 78.4
        to 174.4 m. Fitted dispersal kernels will be useful in building explicit simulation models
        that include dispersal functions, and which will contribute to current conservation and
        management programs for maritime pine. Nevertheless, the numerical simulations showed that
        restricted dispersal, male fertility and phenological overlap could only partially explain
        the observed levels of correlated paternity; so other factors may also be relevant for the
        management of this valuable forest tree species.</subfield>
    </datafield>
    <datafield tag="593" ind1=" " ind2=" ">
      <subfield code="a">PubAg article</subfield>
    </datafield>
    <datafield tag="650" ind1=" " ind2="3">
      <subfield code="a">paternity</subfield>
    </datafield>
    <datafield tag="650" ind1=" " ind2="3">
      <subfield code="a">temperate forests</subfield>
    </datafield>
    <datafield tag="650" ind1=" " ind2="3">
      <subfield code="a">spatial distribution</subfield>
    </datafield>
    <datafield tag="650" ind1=" " ind2="3">
      <subfield code="a">plant fertility</subfield>
    </datafield>
    <datafield tag="650" ind1=" " ind2="3">
      <subfield code="a">height</subfield>
    </datafield>
    <datafield tag="650" ind1=" " ind2="3">
      <subfield code="a">pollen</subfield>
    </datafield>
    <datafield tag="650" ind1=" " ind2="3">
      <subfield code="a">phenology</subfield>
    </datafield>
    <datafield tag="650" ind1=" " ind2="3">
      <subfield code="a">seed abortion</subfield>
    </datafield>
    <datafield tag="650" ind1=" " ind2="3">
      <subfield code="a">mating systems</subfield>
    </datafield>
    <datafield tag="650" ind1=" " ind2="3">
      <subfield code="a">Pinus pinaster</subfield>
    </datafield>
    <datafield tag="650" ind1=" " ind2="3">
      <subfield code="a">ovules</subfield>
    </datafield>
    <datafield tag="650" ind1=" " ind2="3">
      <subfield code="a">simulation models</subfield>
    </datafield>
    <datafield tag="650" ind1=" " ind2="3">
      <subfield code="a">forest trees</subfield>
    </datafield>
    <datafield tag="650" ind1=" " ind2="3">
      <subfield code="a">tree crown</subfield>
    </datafield>
    <datafield tag="650" ind1=" " ind2="3">
      <subfield code="a">pollination</subfield>
    </datafield>
    <datafield tag="650" ind1=" " ind2="3">
      <subfield code="a">outcrossing</subfield>
    </datafield>
    <datafield tag="650" ind1=" " ind2="3">
      <subfield code="a">gene flow</subfield>
    </datafield>
    <datafield tag="650" ind1=" " ind2="3">
      <subfield code="a">genetic variation</subfield>
    </datafield>
    <datafield tag="650" ind1=" " ind2="2">
      <subfield code="a">Gene Flow</subfield>
    </datafield>
    <datafield tag="650" ind1=" " ind2="2">
      <subfield code="a">Pinus</subfield>
      <subfield code="x">genetics</subfield>
      <subfield code="x">physiology</subfield>
    </datafield>
    <datafield tag="650" ind1=" " ind2="2">
      <subfield code="a">Pollen</subfield>
    </datafield>
    <datafield tag="650" ind1=" " ind2="2">
      <subfield code="a">Pollination</subfield>
    </datafield>
    <datafield tag="650" ind1=" " ind2="2">
      <subfield code="a">Trees</subfield>
      <subfield code="x">genetics</subfield>
      <subfield code="x">physiology</subfield>
    </datafield>
    <datafield tag="651" ind1=" " ind2="0">
      <subfield code="a">Spain</subfield>
    </datafield>
    <datafield tag="653" ind1=" " ind2="0">
      <subfield code="a">androecium</subfield>
    </datafield>
    <datafield tag="653" ind1=" " ind2="0">
      <subfield code="a">plant reproduction</subfield>
    </datafield>
    <datafield tag="653" ind1=" " ind2="0">
      <subfield code="a">population genetics</subfield>
    </datafield>
    <datafield tag="700" ind1="1" ind2=" ">
      <subfield code="a">Robledo-Arnuncio, J.J.</subfield>
    </datafield>
    <datafield tag="700" ind1="1" ind2=" ">
      <subfield code="a">Hidalgo, E.</subfield>
    </datafield>
    <datafield tag="700" ind1="1" ind2=" ">
      <subfield code="a">González-Martínez, S.C.</subfield>
    </datafield>
    <datafield tag="773" ind1="0" ind2=" ">
      <subfield code="t">Heredity.</subfield>
      <subfield code="g">2008 Apr., v. 100, no. 4 p.390-399</subfield>
      <subfield code="x">0018-067X</subfield>
      <subfield code="7">nnas</subfield>
    </datafield>
    <datafield tag="787" ind1="1" ind2=" ">
      <subfield code="o">islandora_article_repository</subfield>
    </datafield>
    <datafield tag="787" ind1="1" ind2=" ">
      <subfield code="o">product_pubag</subfield>
    </datafield>
    <datafield tag="787" ind1="1" ind2=" ">
      <subfield code="o">(Journal)1939</subfield>
    </datafield>
    <datafield tag="852" ind1=" " ind2=" ">
      <subfield code="a">DNAL</subfield>
    </datafield>
    <datafield tag="856" ind1="4" ind2="0">
      <subfield code="u">http://dx.doi.org/10.1038/sj.hdy.6801090</subfield>
      <subfield code="3">Available from publisher's Web site</subfield>
    </datafield>
    <datafield tag="912" ind1=" " ind2=" ">
      <subfield code="a">Article</subfield>
    </datafield>
    <datafield tag="914" ind1=" " ind2=" ">
      <subfield code="a">Journal:1939</subfield>
      <subfield code="b">0018-067X</subfield>
      <subfield code="c">100</subfield>
      <subfield code="d">4</subfield>
      <subfield code="e">390</subfield>
    </datafield>
    <datafield tag="914" ind1=" " ind2=" ">
      <subfield code="f">Heredity</subfield>
    </datafield>
    <datafield tag="917" ind1=" " ind2=" ">
      <subfield code="a">issued</subfield>
    </datafield>
    <datafield tag="930" ind1=" " ind2=" ">
      <subfield code="a">20090813</subfield>
      <subfield code="b">20091002</subfield>
      <subfield code="c">00000000</subfield>
    </datafield>
    <datafield tag="935" ind1=" " ind2=" ">
      <subfield code="a">IND44100387</subfield>
      <subfield code="9">ExL</subfield>
    </datafield>
    <datafield tag="945" ind1=" " ind2=" ">
      <subfield code="a">IND</subfield>
      <subfield code="d">2CT</subfield>
      <subfield code="e">2009/07/10</subfield>
    </datafield>
    <datafield tag="946" ind1=" " ind2=" ">
      <subfield code="a">Non-US</subfield>
    </datafield>
    <datafield tag="949" ind1=" " ind2=" ">
      <subfield code="a">2014-07-17</subfield>
    </datafield>
    <datafield tag="952" ind1=" " ind2=" ">
      <subfield code="a">20090813 20091002 00000000</subfield>
      <subfield code="b">IND 2CT 2009/07/10</subfield>
    </datafield>
    <datafield tag="962" ind1=" " ind2=" ">
      <subfield code="a">Journal title changed from 'Heredity : an international journal of
        genetics'</subfield>
    </datafield>
    <datafield tag="974" ind1=" " ind2=" ">
      <subfield code="a">agid:737161</subfield>
    </datafield>
    <datafield tag="984" ind1=" " ind2=" ">
      <subfield code="a">2014-07-24</subfield>
    </datafield>
    <datafield tag="985" ind1=" " ind2=" ">
      <subfield code="a">Converted from MARCXML to MODS version 3.4 using MARC21slim2MODS3-4.xsl
        (Revision 1.95 2014/04/23)</subfield>
    </datafield>
    <datafield tag="986" ind1=" " ind2=" ">
      <subfield code="a">4100387</subfield>
    </datafield>
  </record>
</collection>
